1592 2898
319 238 803 289 SERMoN-UM
858 235 1008 285 ΜΒ.
1059 237 1137 299 11.
1246 253 1358 309 μσς

96 346 194 390 Dixi
213 346 411 401 equidem,
441 346 482 388 δι
505 346 604 388 dico.
627 345 772 400 Captes
789 343 934 387 astutus
960 344 1108 397 ubique

97 409 341 451 Testamenta
362 407 494 449 senum
513 420 523 448 :
548 420 647 456 neu,
666 407 695 447 fi
719 405 828 448 vafer
844 419 943 447 unus
965 405 1007 446 δι
1035 406 1130 446 alter

96 469 359 511 Infidiatorem
385 469 558 524 praeroso
583 469 721 523 fugerit
746 470 882 517 hamo,
1314 480 1363 525 25

97 531 184 572 Aut
199 530 302 586 spem
328 532 523 586 deponas,
545 540 612 571 aut
631 541 751 571 artem
774 529 903 571 illusus
927 531 1094 571 omittas.

97 593 245 647 Magna
264 594 444 634 minorve
468 592 558 633 foro
581 591 609 632 st
628 605 689 633 res
709 593 918 634 certabitur
940 591 1056 642 olim,

97 655 222 697 Vivet
243 667 327 697 uter
350 655 524 709 locuples
545 654 624 695 fine
647 655 796 709 gnatis,
820 655 1021 707 improbus
1044 655 1173 706 ultro,

98 716 187 771 Qui
211 718 408 759 meliorem
429 718 555 758 audax
582 729 701 758 vocet
729 718 768 757 in
790 716 879 770 jus,
896 718 995 758 illius
1015 718 1096 759 esto

97 777 319 820 Defensor:
349 779 450 820 fama
476 779 603 820 civem
629 778 820 832 causaque
846 780 1015 833 priorem
1316 792 1369 835 30

98 841 245 894 Sperne
259 872 273 889 ,
298 842 402 882 domi
422 840 452 881 fi
483 851 621 895 gnatus
644 842 718 881 erit
732 870 745 887 ,
768 840 998 882 foecundave
1022 840 1181 894 conjux.

99 901 279 956 Quinte,
304 915 419 957 puta,
441 913 509 945 aut
534 902 644 943 Publi
668 902 862 958 (gaudent
892 904 1130 956 praenomine
1151 902 1287 945 molles

27 1006 30 1012 ,
98 963 326 1018 Auriculae)
350 964 421 1004 tibi
447 977 508 1004 me
531 964 660 1003 virtus
689 975 755 1004 tua
779 962 868 1004 fecit
891 964 1075 1003 amicum:

99 1027 169 1069 Jus
190 1025 330 1081 an'ceps
356 1027 474 1074 novi,
495 1025 627 1067 causas
653 1024 852 1067 defendere
875 1024 1046 1080 poffum:

100 1088 245 1143 Eripiet
267 1089 396 1144 quivis
425 1089 563 1129 oculos
582 1089 698 1129 citius
721 1088 837 1135 mihi,
860 1100 975 1141 quam
1001 1099 1039 1128 te
1318 1099 1366 1142 35

102 1149 355 1191 Contemtum
376 1149 504 1203 quaffa
526 1162 626 1190 nuce
651 1158 861 1203 pauperet:
882 1148 965 1188 haec
993 1161 1077 1188 mea
1097 1160 1189 1189 cura
1216 1147 1298 1199 est,

102 1213 166 1255 Ne
195 1214 288 1268 quid
311 1223 353 1254 tu
373 1215 529 1267 perdas,
552 1225 630 1253 neu
653 1212 702 1252 fis
719 1211 857 1264 jocus:
886 1212 943 1252 ire
973 1212 1133 1253 domum
1157 1223 1276 1267 atque

101 1275 318 1317 Pelliculam
345 1287 480 1317 curare
503 1274 618 1327 jube:
640 1272 667 1312 fi
691 1273 871 1326 cognitor
894 1270 986 1325 ipse.

102 1338 257 1387 persta,
290 1350 405 1393 atque
427 1335 600 1385 obdura'3
626 1335 690 1377 seu
714 1336 830 1376 rubra
854 1335 1030 1375 canicula
1054 1333 1174 1375 findet

102 1400 277 1442 Infantes
305 1401 466 1448 statuas3
491 1399 554 1440 seu
577 1399 708 1452 pingui
732 1408 861 1438 tentus
884 1395 1018 1436 omaso
1314 1408 1371 1446 40

103 1462 242 1504 Furius
270 1463 559 1514 hibernascana
578 1462 672 1501 nive
693 1458 880 1512 conspuet
904 1458 1035 1511 Alpes.

102 1525 246 1568 Nonne
266 1526 372 1567 vides
401 1525 569 1580 (aliquis
587 1523 721 1565 cubito
748 1522 909 1562 stantem
933 1535 1058 1576 prope
1077 1532 1239 1576 tangens

102 1586 282 1642 Inquiet)
311 1598 354 1628 ut
378 1588 546 1641 patiens!
573 1597 616 1627 ut
642 1585 771 1626 amicis
797 1585 930 1637 aptus!
955 1594 999 1623 ut
1020 1585 1131 1624 acer!

79 1647 81 1649 ’
103 1648 237 1690 Plures
258 1650 454 1690 annabunt
478 1648 640 1696 thuani,
669 1645 709 1686 81
732 1645 874 1686 cetaria
893 1643 1080 1684 crescent.

107 1710 149 1751 Si
175 1712 239 1752 cui
265 1722 450 1765 praeterea
474 1710 623 1750 validus
648 1707 746 1748 male
771 1706 872 1747 filius
894 1707 933 1745 in
955 1718 998 1746 re
1318 1717 1370 1761 45

103 1774 289 1815 Praeclara
314 1773 482 1814 sublatus
507 1772 653 1819 aletur;
675 1783 724 1811 ne
751 1768 989 1810 manifestum

104 1834 265 1878 Coelibis
287 1834 512 1888 obsequium
535 1834 653 1874 nudet
679 1844 741 1879 re,
768 1832 904 1871 leniter
927 1831 965 1870 in
989 1829 1095 1884 spem

106 1899 262 1951 Adrepe
283 1895 507 1945 officiosus,
531 1906 575 1936 ut
598 1896 640 1936 δι
662 1893 828 1934 scribare
851 1891 1039 1933 secundus

104 1953 254 2007 Heres,
278 1959 341 2006 δι,
364 1958 394 1999 fi
415 1959 504 2012 quis
523 1956 628 1998 casus
645 1968 805 2010 puerum
826 1954 948 2007 egerit
968 1953 1106 2003 Orco,

106 2020 151 2061 In
173 2034 339 2062 vacuum
364 2021 523 2061 venias:
548 2031 708 2073 perraro
735 2018 816 2057 haec
830 2016 914 2055 alea
942 2013 1050 2054 fallit.
1322 2027 1374 2069 50

108 2082 196 2136 Qui
212 2082 476 2123 testamentum
502 2079 623 2120 tradet
650 2078 717 2118 tibi
739 2089 894 2130 cunque
923 2075 1149 2128 legendum,

107 2144 312 2192 Abnuere,
338 2144 376 2184 δι
401 2142 548 2183 tabulas
576 2154 600 2181 a
627 2152 665 2180 te
689 2151 893 2179 removere
924 2148 1141 2188 memento:

107 2205 174 2247 Sic
195 2216 344 2252 tamen,
373 2215 416 2245 ut
435 2205 535 2245 limis
553 2203 699 2256 rapias,
727 2201 818 2256 quid
841 2199 1154 2254 primarsecundo

107 2269 209 2310 Cera
234 2266 324 2308 velit
347 2267 484 2315 versu3
515 2266 640 2314 solus,
668 2263 841 2306 multisne
861 2261 1047 2304 coheres?

109 2326 253 2371 Veloci
279 2341 456 2382 percurre
482 2327 612 2368 oculo.
643 2326 871 2378 Plerumque
895 2322 1074 2363 recoctus
1322 2334 1368 2378 55

109 2389 238 2432 Scriba
256 2403 306 2431 ex
334 2389 613 2442 Quinqueviro
640 2400 806 2428 corvum
832 2384 983 2425 deludet
1008 2385 1196 2435 hiantem,

109 2451 374 2504 Captatorque
396 2451 498 2490 dubit
522 2449 616 2490 risus
642 2448 777 2489 Nasica
802 2446 975 2488 Corano.
992 2469 1038 2477 -

110 2513 217 2554 Num
237 2512 354 2554 furis?
382 2524 431 2552 an
452 2512 619 2566 prudens
638 2511 839 2564 ludis-me,
869 2509 1032 2551 obscura
1057 2507 1259 2550 canendo?
1274 2527 1319 2537 --
