1592 2898
278 260 876 316 EPISTOLARUM
930 261 1073 309 LIB.
1127 262 1165 309 1.
1267 277 1355 322 241

88 376 146 419 Ut
168 374 304 417 vinosa
333 374 490 429 glomos
510 371 665 414 furrivae
690 370 858 424 Pyrrhia
882 369 1007 419 lanae3

0 466 2 468 v
90 441 148 482 Ut
166 453 256 482 cum
278 438 420 493 pileolo
443 436 566 476 soleas
588 434 765 476 conviva
789 433 954 473 tribulis.
1314 441 1358 485 ις

90 502 153 543 Ne
181 501 305 555 vulgo
335 512 470 540 narres
497 510 536 538 te
563 493 752 537 sudaviffe
776 494 936 536 ferendo

89 563 303 612 Carmina
326 574 414 615 quae
437 559 592 615 poffunt
612 559 754 599 oculos
776 556 966 611 auresque
994 555 1142 596 morari

92 625 256 667 Caesaris
271 637 282 665 ε
300 637 436 666 oratus
465 623 586 664 multa
609 634 723 676 prece
739 650 752 670 ,
777 621 900 660 nitere
930 632 1062 674 porro.

91 688 229 738 Vade,
255 688 371 739 vale,
396 699 494 729 cave
513 700 564 728 ne
591 687 758 734 titubes,
784 683 1042 738 mandataque
1058 682 1225 737 frangas.

348 854 884 906 EPISTOLA
947 853 1108 902 XIV.

283 1011 394 1055 AD
446 1011 899 1055 VILLICUM
954 1010 1199 1055 SUUM.

172 1168 210 1208 0
227 1164 434 1220 fbmmatos
454 1163 626 1222 nimium,
654 1162 748 1205 bona
766 1162 806 1218 fi
822 1163 897 1217 sua
924 1162 1064 1213 norint,
1095 1163 1316 1218 Agricolas!
1370 1203 1385 1207 -

102 1283 356 1359 Vnuct
386 1315 567 1356 filvarum
598 1314 639 1355 δι
671 1314 764 1355 mihi
792 1326 853 1355 me
883 1314 1074 1357 reddentis
1100 1314 1236 1370 agelli,

102 1377 237 1430 Quem
262 1389 303 1418 tu
331 1377 472 1418 fastidis
488 1407 501 1425 ,
524 1376 737 1417 habitatum
768 1376 943 1429 quinque
968 1376 1094 1426 focis,
1122 1377 1164 1417 δι

100 1438 298 1492 Quinque
321 1439 448 1479 bonos
472 1437 627 1478 solitum
654 1438 811 1478 Variam
841 1437 1031 1478 dimittere
1059 1445 1214 1492 putten

99 1500 329 1548 Certemus,
351 1499 474 1554 spinas
497 1500 680 1539 animone
701 1512 778 1552 ego
802 1497 967 1547 fortius,
996 1510 1046 1538 an
1071 1509 1116 1539 tu

100 1561 255 1603 Evellas
279 1574 398 1615 agro;
421 1561 461 1601 δι
485 1561 624 1602 melior
648 1560 694 1600 sit
719 1561 932 1607 Horatius,
956 1570 1007 1599 an
1035 1572 1111 1600 res.
1351 1569 1371 1612 ς

102 1623 173 1663 Me
191 1623 372 1677 quam-vis
399 1623 542 1662 Lamiae
567 1622 688 1676 pietas
711 1622 753 1662 δι
777 1633 870 1662 cura
899 1632 1102 1669 moratur,

55 1698 59 1701 ·
99 1682 273 1724 Fratrem
298 1685 493 1724 moerentis
507 1714 520 1730 ,
543 1695 657 1736 rapto
680 1684 727 1723 de
757 1681 874 1722 fratre
895 1682 1063 1722 dolentis

102 1744 380 1794 Insolabiliter3
403 1757 531 1786 tamen
562 1745 659 1785 istuc
679 1757 786 1784 mens
806 1743 1035 1796 animusque

103 1805 219 1856 Fert,
242 1807 283 1847 δι
307 1818 410 1846 amat
434 1806 562 1859 spatiis
584 1805 772 1846 obstantia
793 1818 975 1859 rumpere
998 1803 1172 1846 claustra.

104 1868 216 1909 Rure
241 1881 318 1922 ego
339 1868 538 1908 viventem
554 1897 569 1915 ,
594 1878 637 1907 ru
661 1868 753 1908 dicis
776 1869 813 1906 in
846 1868 965 1915 urbe,
997 1867 1177 1907 beatum:
1323 1879 1376 1908 ιο

105 1931 186 1972 Cui
214 1930 338 1985 placet
361 1930 537 1979 alterius,
563 1928 630 1970 sua
653 1929 835 1970 nimirum
865 1928 919 1968 est
940 1927 1034 1969 'odio
1057 1926 1151 1969 sors.

104 1994 255 2036 Stultus
279 2004 445 2047 uterque
467 1993 598 2033 locum
624 1993 859 2033 immeritum
885 1992 1063 2032 causatur
1087 1992 1244 2045 inique;

104 2054 152 2095 In
174 2054 287 2108 culpa
306 2053 365 2095 est
382 2054 556 2101 animus,
577 2054 643 2108 qui
671 2053 708 2094 se
736 2066 818 2094 non
842 2050 977 2106 effugit
998 2064 1189 2106 unquam.
1251 2080 1254 2085 -

107 2114 174 2158 Tu
200 2115 439 2157 mediastinus
463 2118 579 2156 tacita
603 2129 717 2170 prece
739 2128 827 2156 rura
846 2120 1002 2168 petebas
1018 2145 1029 2161 ,
1328 2161 1330 2163 ,

107 2178 226 2219 Nunc
246 2177 381 2217 urbem
406 2177 447 2218 &
475 2178 590 2218 ludos
615 2178 655 2217 δι
681 2178 815 2217 balnea
838 2177 993 2216 villicus
1018 2187 1154 2229 optas:
1329 2185 1374 2230 ις

107 2240 179 2280 Me
205 2239 378 2280 constare
397 2237 488 2279 mihi
516 2236 612 2287 scis,
640 2239 682 2278 &
704 2235 890 2280 discedere
915 2237 1081 2286 tristem,
1119 2251 1122 2254 ·
1207 2244 1211 2247 '

109 2300 441 2354 Quandocunque
465 2301 620 2341 trahunt
643 2300 766 2342 invisa
790 2302 944 2354 negotia
970 2301 1151 2341 Romam.

108 2362 203 2402 Non
228 2362 359 2401 eadem
383 2362 592 2412 miramur3
613 2375 664 2403 eo
687 2362 928 2405 disconvenit
954 2364 1054 2403 inte'r

86 2424 256 2478 ,Meque
284 2424 325 2464 &
343 2436 403 2465 te:
437 2434 526 2466 nam
540 2455 554 2474 ,
572 2439 662 2480 quae
684 2426 828 2467 deserta
855 2427 896 2467 δι
926 2423 1115 2480 inhospita
1135 2425 1270 2480 tesqua

110 2487 267 2536 Credis,
291 2499 445 2528 amoena
465 2499 584 2528 vocat
608 2501 760 2528 mecum
786 2490 852 2543 qui
878 2488 1010 2536 sentit,
1041 2490 1084 2529 &
1110 2490 1195 2528 odit
1327 2499 1379 2528 20

111 2549 220 2604 Quae
249 2561 292 2589 tu
315 2550 474 2602 pulchra
503 2561 640 2604 putas:
668 2550 796 2591 fornix
819 2551 887 2590 ribi
910 2552 950 2592 δι
971 2551 1087 2591 uncta
1115 2549 1258 2602 popina

217 2612 400 2652 Horatius.
1087 2611 1134 2663 Q
