1592 2898
257 225 347 272 192
446 210 507 279 Q·
574 209 955 257 HoRATn
1023 212 1330 263 FLAcct
1403 265 1409 270 ,

601 413 979 462 SATIRA
1042 418 1168 466 III.

323 554 511 597 OMNES
536 554 813 605 INSANIRE,
841 557 1016 601 ETIAM
1043 560 1184 603 Ipsos
1210 562 1443 607 STOICOS

613 629 742 671 DUM
769 630 888 673 HOC
915 631 1159 675 DOCENT.
1326 648 1329 650 ·

252 723 350 799 Slc
374 767 465 796 raro
488 754 620 796 scribis
634 788 648 804 ,
669 768 714 797 ut
735 767 826 799 toto
845 771 928 799 non
952 770 1090 812 quater
1110 772 1216 801 anno

248 815 521 856 Membranam
543 816 701 870 poscas,
723 817 952 871 scriptorum
977 833 1145 874 quaeque
1166 831 1366 872 retexens,

250 876 380 919 Iratus
403 879 496 928 tibi,
523 880 630 933 quod
655 880 736 919 vini
757 880 962 935 somnique
987 882 1177 936 benignus

250 942 317 983 Nil
339 942 494 996 dignum
524 942 703 984 sermone
729 956 855 985 canas.
881 943 991 997 Quid
1011 944 1108 985 fiet?
1126 955 1166 986 at
1183 944 1271 1000 ipfis

251 1002 518 1043 Saturnalibus
539 1003 614 1043 huc
636 1002 784 1058 fugisti:
812 1004 962 1045 sobrius
984 1018 1081 1060 ergo
1504 1018 1542 1062 ς’

252 1063 332 1105 Dic
358 1064 498 1117 aliquid
525 1065 682 1117 dignum
707 1065 923 1120 promiffis:
943 1067 1079 1121 incipe.
1101 1067 1165 1108 Nil
1188 1068 1254 1109 est.

250 1125 471 1180 Culpantur
492 1126 632 1168 frustra
649 1129 814 1179 calami,
843 1129 1132 1185 immeritusque
1150 1131 1304 1173 laborat

250 1187 365 1229 Iratis
391 1199 508 1229 natus
530 1190 656 1243 paries
672 1189 760 1231 Diis
782 1203 901 1245 atque
924 1193 1064 1246 poetiS.

250 1249 376 1303 Atqui
400 1249 536 1290 vultus
560 1262 641 1290 erat
662 1251 784 1292 multa
808 1252 850 1293 &
871 1254 1059 1305 praeclara
1082 1253 1318 1305 minantis(

251 1310 291 1351 Si
313 1323 484 1351 vacuum
505 1312 639 1366 tepido
662 1313 820 1367 cepiffet
840 1314 973 1356 villula
992 1316 1109 1362 reolo.
1475 1328 1528 1358 ιο

254 1373 459 1428 Quorsum
483 1376 669 1429 pertinuit
693 1376 831 1430 stipare
855 1377 1016 1419 Platona
1039 1379 1286 1422 Menandro?
1542 1374 1547 1376 i

249 1436 448 1491 Eupolin‚
473 1439 778 1489 Archilochum,
806 1441 968 1482 comites
993 1442 1339 1484 educeretantos?

250 1497 441 1540 Invidiam
463 1500 612 1552 placare
632 1514 742 1554 paras
766 1501 914 1541 virtute
936 1502 1097 1542 relicta?

251 1562 517 1604 Contemnere
546 1563 678 1604 miser:
699 1565 856 1604 vitanda
882 1563 937 1604 est
957 1565 1135 1618 improba
1157 1564 1266 1606 Siren
1496 1617 1499 1619 ‚

252 1626 433 1676 Defidia3
454 1638 522 1667 aut
544 1627 732 1681 quidquid
755 1627 836 1667 vita
857 1627 1017 1668 meliore
1040 1628 1207 1682 parasti,
1384 1642 1387 1646 ·
1477 1640 1526 1685 15

251 1686 480 1729 Ponendum
499 1702 618 1743 aequo
634 1690 776 1729 animo.
799 1711 844 1720 -
858 1688 925 1730 Dii
940 1699 1001 1737 te,
1018 1689 1278 1745 Damasippe,
1296 1689 1474 1746 Deaeque

251 1747 405 1790 Verum
421 1749 474 1788 ob
488 1748 690 1789 consilium
711 1750 859 1789 donent
876 1748 1056 1790 tonsore:
1079 1748 1141 1791 sed
1163 1751 1265 1791 unde
1289 1766 1293 1775 ⁸

251 1809 355 1850 Tam
376 1811 475 1851 bene
490 1824 551 1852 me
570 1810 697 1851 nosti?
713 1834 756 1842 —
768 1811 976 1866 Postquam
994 1815 1124 1853 omnis
1139 1826 1201 1854 res
1213 1826 1298 1855 mea
1310 1814 1452 1872 Ianum

251 1871 316 1912 Ad
333 1873 503 1913 medium
523 1873 640 1913 frasta
661 1872 740 1922 est,
760 1874 884 1914 aliena
905 1875 1061 1928 negotia
1080 1887 1180 1916 curo
1194 1905 1207 1924 ‚

254 1933 444 1974 Excuffus
468 1936 658 1988 propriis:
676 1936 770 1975 olim
794 1948 883 1976 nam
908 1939 1086 1990 quaerere
1107 1937 1283 1977 amabam
1476 1948 1531 1978 20

253 1994 358 2047 Quo
382 1994 494 2036 vafer
517 1995 582 2036 ille
606 1997 721 2050 pedes
747 1995 893 2036 lavifl'et
917 1995 1104 2050 Sisyphus
1125 2009 1229 2044 aere,
1345 2034 1352 2037 .

253 2056 369 2111 Quid
395 2057 583 2113 scalptum
603 2057 750 2098 infabre
764 2089 777 2107 ‚
800 2058 894 2111 quid
919 2057 1045 2098 fusum
1068 2059 1200 2099 durius
1222 2058 1339 2101 esset:

253 2121 427 2162 Callidus
451 2122 543 2162 huic
563 2122 672 2175 signo
696 2122 888 2175 ponebam
911 2122 1031 2162 millia
1052 2134 1229 2163 centum:

253 2183 410 2224 Hortos
429 2184 674 2238 egregiasque
697 2185 838 2224 domos
862 2185 1066 2225 mercarier
1092 2197 1196 2224 unus

254 2244 359 2285 Cum
387 2245 499 2286 lucro
525 2259 691 2294 noram;
711 2246 814 2285 unde
832 2244 1049 2298 frequentia
1070 2245 1303 2286 Mercuriale
1476 2257 1525 2298 25

253 2307 478 2360 Imposuere
503 2309 597 2348 mihi
616 2320 837 2361 cognomen
861 2309 1046 2361 compita.
1063 2330 1108 2339 —
1125 2308 1257 2349 Novi:

254 2370 305 2412 Et
326 2371 453 2412 morbi
472 2372 593 2412 miror
613 2381 820 2423 purgatum
842 2379 882 2410 te
907 2370 1018 2410 illius.
1041 2392 1086 2401 —
1104 2370 1229 2424 Atqui

256 2433 417 2474 Emovit
436 2445 606 2475 veterem
631 2434 728 2472 mire
746 2444 903 2480 novus,
922 2444 968 2471 ut
989 2430 1085 2471 solet
1100 2462 1113 2478 ,
1136 2433 1175 2471 in
1196 2444 1270 2472 cor

255 2493 443 2547 Trajeao
463 2495 591 2536 lateris
614 2493 736 2535 miseri
755 2492 963 2548 capitisque
985 2493 1141 2535 dolore:
1211 2548 1214 2551 Ι
