1592 2898
245 234 339 284 160
391 220 503 305 'Q
571 233 954 282 HORATII
1021 235 1326 285 FLACCI

238 341 374 382 Metiri
397 339 513 396 poffis
540 341 661 381 oculo
680 340 791 382 latus.
816 339 882 381 An
906 340 975 381 tibi
999 341 1127 382 mavIS

166 446 168 451 ,
237 404 397 444 Infidias
415 402 524 451 fieri,
550 404 799 457 pretiumque
818 403 978 444 avellier
992 435 1005 454 ‚
1027 413 1117 445 ante

239 466 380 520 Quam
401 478 568 507 mercem
588 465 735 506 ostendi
747 467 763 507 ?
775 488 819 496 —
837 467 1000 520 Leporem
1023 478 1172 506 venator
1189 478 1232 506 ut
1250 466 1328 506 alta
1441 477 1514 521 105

239 530 289 570 In
311 529 392 568 nive
407 528 574 581 ferietur,
590 529 741 582 pofitum
751 529 807 580 fic
828 539 964 582 tangere
987 528 1103 569 nolit:

238 592 384 634 Cantat
397 623 410 640 ,
428 593 470 647 δι
485 593 648 647 apponit
660 623 673 642 ,
693 595 802 633 Meus
820 594 864 647 est
885 605 985 632 amor
1004 593 1089 632 huic
1100 592 1231 646 similis
1243 608 1262 641 ,-
1281 606 1366 631 nam

241 658 277 697 T
274 655 459 708 ransvolat
479 656 517 694 in
535 655 645 695 medio
657 656 776 708 posita
786 686 801 704 ,
823 655 860 694 δ’
877 654 1054 709 fitgientia
1077 666 1208 709 captat.
1224 676 1271 685 —

235 720 399 762 Hiscine
421 718 618 760 verficulis
641 717 767 773 speras
790 718 860 758 tibi
878 717 987 771 poffe
1004 718 1184 765 dolores,

235 783 372 837 Atque
388 781 523 830 aestus,
546 781 734 835 curasque
758 793 900 834 graves
924 795 947 823 e
974 781 1132 836 pediore
1156 780 1276 834 pelli?
1439 790 1516 821 no

235 845 385 887 Nonne
403 845 650 899 cupidinibus
671 843 803 885 statuit
825 856 965 886 namra
987 844 1174 886 modum?
1200 857 1342 899 quem,

236 908 351 962 Quid
377 909 504 949 latura
526 907 621 956 fibi,
651 908 743 961 quid
769 907 816 947 fit
839 907 1008 949 dolitura
1030 918 1238 961 negatum,

237 971 435 1025 Quaerere
455 970 543 1024 plus
564 968 717 1023 prodest
731 1000 744 1018 ,
765 969 807 1010 δι
829 968 943 1009 inane
970 967 1193 1010 abscindere
1218 966 1357 1010 soldo?

235 1034 367 1084 Num,
388 1033 460 1073 tibi
483 1045 572 1073 cum
597 1031 729 1073 fauces
750 1031 829 1071 urit
847 1030 949 1080 fitis,
972 1043 1091 1072 aurea
1110 1031 1255 1085 quaeris

236 1096 416 1139 Pocula?
433 1108 528 1136 num
545 1093 714 1135 esuriens
731 1092 871 1134 fastidis
888 1093 1041 1144 omnia,
1059 1105 1200 1148 praeter
1439 1101 1515 1147 115

230 1158 438 1208 Pavonem
449 1157 740 1211 rhombumque
749 1170 763 1207 ;
779 1166 934 1196 tument
949 1156 1017 1196 tibi
1033 1169 1125 1197 cum
1141 1155 1316 1211 inguina,
1332 1167 1442 1206 num,
1458 1153 1490 1197 fi
1534 1181 1536 1183 —

234 1223 391 1266 Ancilla
408 1231 476 1263 aut
492 1233 615 1261 verna
629 1219 684 1260 'est
704 1219 844 1273 praesto
862 1231 960 1273 puer
971 1249 985 1266 ,
1004 1219 1169 1274 impetus
1186 1219 1227 1260 in
1243 1231 1362 1273 quem
1422 1238 1425 1242 «

234 1287 441 1330 Continuo
459 1285 549 1335 fiat,
568 1284 678 1324 malis
696 1284 881 1337 tentigine
898 1283 1054 1336 rumpi?

232 1351 330 1393 Non
350 1362 447 1405 ego:
464 1359 632 1401 namque
647 1346 856 1400 parabilem
875 1358 967 1386 amo
985 1345 1198 1394 Venerem,
1216 1343 1511 1398 facilemque.—

233 1414 366 1462 lllam‚
390 1412 474 1465 Post
485 1410 619 1465 paulo.
613 1425 622 1434 ·
645 1410 718 1448 Sed
735 1408 874 1461 pluris
867 1423 877 1433 ·
906 1407 950 1447 Si
968 1407 1089 1448 exierit
1115 1407 1195 1447 vir.-
1437 1416 1516 1446 120

233 1476 358 1519 Gallis
376 1475 497 1523 hanc,
514 1471 760 1513 Philodemus
777 1471 852 1511 ait:
873 1469 966 1518 fibi,
982 1483 1074 1524 quae
1092 1482 1218 1524 neque
1237 1481 1382 1523 magno

180 1548 187 1552 ·
231 1538 316 1580 Stet
335 1537 481 1593 pretio,
500 1547 628 1589 neque
644 1533 874 1582 cunetetur,
892 1545 981 1573 cum
998 1529 1189 1583 είὶῚυίΐει,
1208 1531 1367 1571 venire:

230 1601 405 1642 Candida
422 1597 606 1651 reaaque
622 1595 691 1645 fit;
708 1595 852 1636 munda
869 1593 1081 1643 maenus,
1099 1603 1144 1634 ut
1162 1605 1292 1648 neque
1308 1589 1451 1647 longa

229 1664 272 1705 N
274 1676 318 1704 ec
335 1661 454 1715 magis
473 1660 558 1700 alba
576 1659 698 1706 velit,
719 1671 839 1712 quam
856 1658 920 1698 det
938 1668 1100 1704 natura,
1115 1656 1250 1698 videri.

228 1727 333 1769 Haec
351 1725 418 1766 ubi
433 1722 633 1777 supposuit
652 1723 829 1763 dextrum
852 1733 996 1775 corpus
1013 1721 1106 1761 mihi
1123 1721 1254 1771 laevo,
1434 1727 1512 1773 ης

225 1787 298 1833 Ilia
314 1787 357 1829 δι
372 1788 531 1842 AEgeria
548 1785 627 1827 est:
645 1786 698 1826 do
716 1797 860 1825 nomen
879 1782 1083 1838 quodlibet
1099 1783 1168 1823 illi.

228 1850 319 1892 Nec
337 1862 500 1897 vereor,
519 1861 593 1898 ne,
609 1848 703 1889 dum
722 1847 862 1899 fumo,
881 1847 943 1888 vir
959 1859 1050 1888 rure
1067 1855 1266 1895 recurrat,
1299 1884 1301 1886 ,

172 1917 178 1923 ’
227 1914 360 1957 Ianua
377 1913 579 1967 frangatur
591 1943 601 1960 ‚
618 1911 731 1952 latret
751 1911 881 1961 canis,
898 1911 1073 1964 undique
1090 1922 1237 1964 magno

226 1975 339 2018 Pulsa
359 1976 500 2016 domus
516 1974 675 2029 strepitu
692 1973 869 2024 resonet,
891 1973 1080 2027 vepallida
1101 1971 1206 2014 Ῑεᾶο

228 2038 393 2080 Defiliat
411 2038 574 2086 mulier,
594 2037 767 2078 miseram
787 2036 824 2078 se
842 2035 995 2083 conscia
1009 2035 1170 2083 clamet;
1435 2041 1513 2086 130

225 2102 419 2144 Cruribus
440 2101 525 2144 haec
541 2112 710 2148 metuat,
729 2100 813 2141 doti
828 2099 1011 2155 deprensa
1026 2113 1038 2149 ;
1057 2108 1215 2153 egomet
1232 2095 1299 2139 mi.

226 2161 431 2204 Discineta
449 2163 577 2204 tunica
599 2161 833 2218 fugiendum
844 2162 923 2210 est,
940 2175 986 2204 ac
1003 2161 1100 2216 pede
1123 2160 1231 2201 nudo
1242 2191 1257 2210 ‚

228 2226 294 2268 Ne
310 2227 459 2267 nummi
478 2237 638 2281 pereant
649 2257 661 2275 ‚
679 2239 746 2267 aut
767 2239 901 2279 pyga,
916 2237 985 2267 aut
1001 2224 1165 2279 denique
1181 2222 1296 2264 fama.

227 2286 429 2344 Deprendi
448 2287 631 2331 miserum
651 2288 728 2344 est:
759 2288 883 2331 Fabio
901 2288 966 2332 vel
982 2287 1110 2342 judice
1128 2288 1296 2332 vincam.
