1592 2898
250 201 312 250 80
443 204 503 275 Q.
570 205 952 255 HoRATn
1016 196 1330 260 FLACCI

246 305 465 358 Cerberus3
489 311 672 363 quamvis
695 310 835 353 furiale
861 308 1029 355 censum·

178 374 180 376 ’
246 369 430 411 Muniant
460 384 613 426 angues
641 386 758 428 caput
786 374 897 427 ejus,
926 388 1044 432 atque
1099 412 1111 427 ,

245 433 412 488 Spiritus
437 444 534 475 teter
560 435 758 490 saniesque
779 449 910 479 manet

546 499 631 541 Ore
661 501 842 559 trilingui.

246 604 361 658 Quin
392 604 571 645 &Ixion
603 604 826 660 Tityosque
858 607 973 648 vultu

244 666 339 707 Risit
366 668 523 708 invito:
556 666 655 708 stetit
685 667 783 709 urna
811 670 971 724 paulum

242 727 380 777 Sicca,
410 728 506 769 dum
535 733 647 782 grato
675 729 806 770 Danai
837 726 982 784 puellas

542 790 727 832 Carmine
749 793 910 834 mulces.

244 883 391 924 Audiat
416 884 527 937 Lyde
559 884 684 926 scelus
712 897 829 940 atque
862 898 976 928 notas

242 945 453 998 virginum
483 958 645 997 poenas,
674 945 714 986 δι
746 946 861 986 inane
890 947 1065 1002 lymphae

242 1007 409 1049 Dolium
438 1006 559 1048 fundo
591 1009 784 1061 pereuntis
806 1011 910 1060 imo,

541 1069 712 1123 Seraque
740 1068 847 1118 fata,

243 1163 354 1218 Quae
380 1175 535 1205 manent
558 1165 693 1219 culpas
717 1165 835 1205 etiam
868 1164 937 1206 sub
967 1165 1094 1210 Orco.·

241 1227 379 1280 Impiae
404 1227 520 1281 (nam
540 1227 636 1281 quid
659 1234 824 1280 potuere
851 1227 1031 1284 majus?)

239 1288 374 1344 lmpiae
405 1287 565 1342 sponsos
591 1299 755 1341 potuere
773 1289 875 1330 duro

233 1353 235 1355 “
540 1351 702 1392 Perdere
725 1350 843 1393 ferro.

239 1455 329 1495 Una
352 1452 398 1492 de
423 1451 574 1499 multis,
603 1450 689 1492 face
713 1450 874 1505 nuptiali

238 1517 396 1571 Digna,
427 1514 626 1569 perjurum
649 1514 725 1555 fuit
747 1515 788 1554 in
816 1526 1015 1569 parentem

237 1580 440 1635 Splendide
466 1580 651 1626 mendax,
674 1578 715 1619 &
738 1578 778 1618 in
801 1591 918 1620 omne
941 1580 1059 1634 virgo

540 1640 692 1681 Nobilis
713 1653 858 1680 aevum.

226 1744 359 1798 Surge
375 1774 388 1793 ‚
411 1756 500 1798 quae
525 1742 619 1782 dixit
642 1741 780 1794 ‘juveni
807 1740 975 1791 marito,

236 1805 362 1858 Surge
379 1835 391 1851 ,
427 1817 476 1845 ne
501 1803 642 1857 longus
669 1803 738 1843 tibi
762 1801 944 1850 somnus,
967 1803 1069 1843 unde

235 1870 329 1912 Non
353 1870 464 1910 times
479 1899 493 1917 ,
526 1869 661 1909 detur:
688 1867 867 1908 socerum
891 1866 933 1908 δι
956 1865 1126 1908 scelestas

279 1930 285 1935 ’
537 1930 641 1971 Falle
672 1929 848 1979 sorores;

236 2037 372 2091 Quae,
394 2036 505 2078 velut
528 2035 650 2077 na&ae
680 2033 826 2075 vitulos
858 2033 992 2074 leaenae
1009 2064 1022 2081 ‚

231 2097 444 2152 Singulos,
471 2098 596 2139 eheu!
630 2098 812 2138 lacerant.
845 2095 931 2150 Ego
952 2096 1028 2136 illis

234 2161 427 2208 Mollior,
449 2172 521 2201 nec
551 2171 588 2200 te
612 2159 741 2200 feriam
755 2189 767 2207 ‚
791 2171 917 2213 neque
936 2159 1034 2198 intra

535 2221 712 2263 Claustra
736 2223 892 2263 tenebo.
975 2268 978 2271 ,

233 2324 302 2365 Me
325 2334 434 2378 pater
458 2322 572 2363 saevis
597 2334 733 2364 oneret
752 2323 901 2364 rcatenis
915 2352 928 2369 ‚

233 2386 363 2441 Quod
385 2388 471 2426 viro
497 2386 665 2425 clemens
688 2385 828 2425 misero
848 2383 1025 2438 peperci:

229 2451 301 2492 Me
332 2451 398 2491 vel
420 2461 616 2492 extremos
644 2449 901 2489 Numidarum
929 2450 966 2488 in
991 2459 1106 2500 agros

532 2513 657 2554 Claffe
678 2513 831 2567 releget.

1474 522 1526 551 20

1472 859 1571 946 ²5⁷

1466 1562 1592 1662 35}

1461 1942 1514 1982 40
1569 1947 1585 1992 ἢ
