1592 2898
229 235 319 295 176
428 233 928 304 Q.HORAT11
980 235 1285 284 FLACCI

224 339 320 381 Non
340 352 422 393 quo
439 339 623 381 fraudatis
649 340 868 382 immundus
890 341 1020 383 Nacca
1040 341 1217 385 lucernis.

225 401 297 443 Ast
321 401 391 441 ubi
422 414 484 441 me
507 401 640 443 feffum
670 402 738 443 Sol
758 402 886 443 acrior
911 403 967 451 ire
996 403 1169 445 lavatum
1422 414 1495 458 ης

224 464 470 511 Admonuit,
492 463 602 519 fugio
623 458 817 519 Campum
844 464 1048 519 lusumque
1071 466 1281 520 trigonem.

226 523 388 565 Pransus
415 538 496 565 non
514 527 655 575 avide,
680 537 868 581 quantum
894 526 1110 580 interpellet
1141 528 1246 568 inani

227 584 378 627 Ventre
403 587 500 627 diem
525 588 686 638 durare,
710 588 941 630 domesticus
971 589 1088 630 otior.
1113 589 1211 631 Haec
1234 588 1289 630 est

227 646 322 688 Vita
346 648 562 690 solutorum
584 650 716 691 misera
745 651 957 693 ambitione
981 651 1196 705 gravique:

228 709 304 751 nis
326 724 387 752 me
405 712 588 754 consolor
609 713 802 755 νὶᾶυωιιι
829 713 1009 762 suavius,
1036 727 1084 754 ac
1106 714 1135 754 st
1425 723 1500 766 130

226 772 421 828 Quaestor
438 787 563 823 avuS,
591 787 706 830 pater.
724 786 844 830 atque
868 788 1002 826 meus,
1029 773 1267 829 patruusque
1283 772 1422 815 fuiffet.

569 967 954 1014 SATIRA
1026 969 1155 1015 VII.
1227 985 1229 987 '

338 1124 413 1166 IN
448 1123 834 1168 MALEDICOS
861 1125 940 1169 ET
976 1119 1397 1172 INHUMANOS.

234 1239 531 1314 Pnoscnwrl
553 1267 673 1322 Regis
695 1267 832 1321 Rupili
859 1280 931 1322 pus
949 1278 1069 1323 atque
1094 1281 1293 1312 venenum

186 1333 190 1340 '
234 1332 361 1373 Ibrida
383 1344 465 1385 quo
485 1332 598 1384 paeto
621 1329 665 1370 fit
695 1330 844 1372 Persius
864 1331 993 1380 uitus,
1016 1333 1163 1386 opinor

235 1394 432 1438 Omnibus
453 1393 493 1434 δι
521 1393 635 1447 lippis
658 1404 799 1433 notum
828 1393 871 1434 δι
895 1393 1117 1437 tonsoribus
1137 1394 1226 1437 ess'e.

235 1456 383 1509 Pedius
401 1456 463 1496 hic
484 1467 691 1510 permagna
712 1456 867 1508 negotia
887 1456 997 1497 dives
1015 1456 1180 1497 habebat

236 1518 484 1559 Clazomenis
497 1548 511 1565 ‚
531 1517 645 1558 etiam
670 1517 753 1558 lites
775 1531 866 1558 cum
888 1517 997 1572 Rege
1020 1518 1220 1568 molestas;
1489 1533 1510 1575 5

236 1582 378 1624 Durus
403 1582 548 1628 homo,
573 1592 692 1634 atque
715 1580 810 1622 odio
833 1581 901 1635 qui
920 1580 1044 1635 pofl'et
1063 1583 1223 1623 vincere
1243 1581 1413 1637 Regem3

237 1643 451 1685 confidens
465 1673 478 1693 ,
502 1643 695 1692 tumidus;
722 1643 821 1687 adeo
848 1643 1035 1686 sermonis
1056 1645 1202 1694 amari,

238 1708 434 1757 sisennas,
469 1708 614 1749 Barros
640 1718 684 1748 ut
707 1708 819 1761 equis
843 1720 1097 1762 praecurreret
1110 1708 1218 1749 albis.

238 1771 304 1813 Ad
328 1771 478 1825 Regem
505 1770 648 1811 redeo:
674 1769 880 1824 postquam
901 1770 994 1813 nihil
1013 1771 1113 1815 inter
1136 1762 1359 1824 utrumnue-

240 1833 465 1882 Convenit,
485 1832 596 1891 (hoc
617 1833 762 1874 etenim
782 1832 870 1873 sunt
886 1845 1024 1874 omnoe
1047 1832 1136 1886 jure
1153 1829 1333 1881 molesti‘,
1467 1844 1518 1874 10

240 1897 348 1952 Quo
372 1897 522 1947 fortes,
544 1897 689 1951 quibus
706 1897 912 1938 adversum
933 1897 1087 1938 bellum‘
1096 1897 1242 1938 incidit.
1277 1897 1385 1937 Inter

242 1960 417 2002 Heaora
445 1959 672 2002 Priamiden»
686 1989 708 2008 4
734 1958 949 2001 animosum
976 1970 1095 2014 atque
1117 1959 1220 2000 inter
1244 1958 1436 2000 Achillem
1481 1957 1485 1962 ’

243 2023 308 2065 Ira
325 2022 400 2063 fuit
418 2022 591 2076 capitalis
604 2053 617 2071 ,
640 2033 685 2063 ut
706 2022 842 2066 ultima
863 2021 1050 2063 divideret
1073 2033 1204 2070 mors;

244 2083 341 2125 Non
364 2080 476 2125 aliam
500 2084 556 2127 ob
584 2082 763 2131 causam,
780 2082 851 2123 nifi
874 2083 983 2139 quod
1009 2083 1136 2125 virtus
1157 2082 1196 2122 in
1219 2092 1389 2137 utroque

247 2143 406 2190 summa
428 2147 513 2190 fuit.
542 2147 643 2189 Duo
660 2146 690 2189 fi
714 2145 900 2189 discordia
925 2155 1042 2187 vexet
1062 2145 1247 2200 ἱππῆες,-
1436 2148 1447 2154 ‘
1469 2156 1521 2198 ¹5

248 2209 336 2251 Aut
363 2210 391 2249 st
416 2209 627 2264 disparibus
648 2208 794 2253 bellum
818 2209 985 2256 incidat,
1008 2218 1053 2248 ut
1068 2206 1255 2248 Diomedi

249 2273 355 2313 Cum
374 2272 504 2325 Lycio
523 2269 679 2313 Glauco
697 2286 710 2320 ;
737 2269 897 2311 discedat
918 2269 1065 2322 pigrior
1079 2298 1094 2316 ,
1115 2268 1220 2309 ultro

249 2332 483 2376 Muneribus
507 2332 648 2386 miffis)
674 2333 801 2373 Bruto
827 2330 999 2371 Praetore
1023 2340 1179 2370 tenente
1193 2355 1207 2374 .

250 2393 385 2436 Ditem
411 2394 542 2439 Afiam
559 2424 572 2443 ‚
597 2394 728 2447 Rupili
754 2392 796 2433 δι
821 2391 926 2432 Persi
950 2404 1020 2445 par
1040 2402 1205 2444 pugnat,
1230 2389 1288 2430 uti
1308 2401 1391 2429 non
1530 2440 1534 2443 Α

252 2456 528 2512 Compofitum
555 2457 691 2496 melius
718 2468 806 2496 cum
829 2453 947 2495 Bitho
972 2454 1188 2503 Bacchius3
1215 2452 1255 2492 in
1277 2451 1343 2504 jus
1472 2462 1524 2490 20

255 2518 377 2560 Actes
402 2528 662 2574 procurrunt,
683 2529 866 2571 magnum
891 2513 1148 2570 spe&aculum
1163 2524 1355 2570 uterque.
1431 2571 1434 2574 ἢ
