1592 2898
268 238 367 296 '134
478 233 539 303 Ω.
591 231 974 282 HORATII
1020 235 1332 285 FLACCI
1399 278 1404 284 .

267 335 350 377 Sub
376 336 460 378 haec
480 351 601 390 puer,
626 338 705 391 jam
727 352 834 389 non,
858 351 903 382 ut
927 352 1042 392 ante,
1068 341 1250 384 mollibus

321 397 462 439 Lenire
482 399 611 441 verbis
636 401 797 454 impias;
834 434 838 437 ,

265 456 340 498 Sed
365 459 504 501 dubius
529 463 632 503 unde
650 474 848 519 rumperet
869 465 1057 508 filentium
1071 497 1084 516 ‚

320 521 427 563 Mifit
448 523 666 577 Thyesteas
692 540 836 581 preces.

265 585 457 637 venena,
484 603 668 643 magnum
695 590 750 632 fas
771 590 978 646 nefasque,
1003 605 1084 634 non
1105 592 1237 635 valent

319 646 566 691 Convertere
594 651 802 693 humanam
819 654 963 693 vicem.

264 707 372 750 Diris
393 723 505 765 agam
532 726 631 754 vos:
652 715 733 754 dira
755 714 955 756 detestatio

318 773 436 815 Nulla
458 776 638 830 expiatur
662 777 832 819 vifflma.

262 833 380 889 Quin
395 867 408 886 ‚
432 837 504 878 ubi
524 839 649 891 perire
670 838 792 891 juffus
811 839 1081 893 exspiravere,

317 896 546 940 Νοᾶιιτηιις
573 912 777 940 occurram
800 899 951 948 Furor,

260 957 476 1013 Petamque
501 961 641 1002 vultus
658 962 796 1002 umbra
819 963 952 1003 curvis
971 962 1192 1015 unguibus,

317 1021 457 1075 (Quae
480 1023 543 1063 vis
562 1023 742 1064 Deorum
763 1023 818 1063 est
839 1024 1053 1078 Manium)

264 1083 316 1125 Et
338 1085 517 1139 inquietis
544 1086 705 1128 affidens
725 1088 970 1140 praecordiis,

316 1143 472 1187 Pavore
493 1145 655 1188 somnos
679 1146 868 1189 auferam.

259 1205 303 1249 ,ν
305 1220 351 1247 os
375 1207 491 1248 turba
517 1207 676 1250 vicatim
699 1209 792 1250 hinc
812 1210 854 1251 &
874 1209 964 1252 hinc
980 1209 1082 1252 saxis
1105 1220 1239 1265 petens

220 1310 224 1314 ,
314 1268 568 1318 Contundet‚
593 1270 798 1312 obscoenas
821 1284 917 1312 anus
926 1285 940 1320 ;

261 1331 377 1379 Post,
402 1331 590 1386 insepulta
620 1334 798 1375 membra
827 1332 1004 1374 different
1024 1333 1133 1388 lupi,

315 1394 365 1434 Et
385 1393 590 1448 Esquilinae
618 1396 728 1437 alites
750 1409 760 1436 :

259 1455 400 1508 Neque
416 1457 493 1498 hoc
517 1468 697 1511 parentes
719 1458 827 1512 (heu
850 1457 944 1499 mihi
964 1456 1235 1512 superstitael)

312 1517 505 1574 Effugerit
535 1520 810 1576 speetaculum.

717 1673 916 1721 ODE
983 1675 1072 1721 VI.

1487 1101 1539 1146 95

1462 1410 1538 1440 100

334 1802 405 1844 IN
446 1801 743 1845 CASSIUM
788 1801 1138 1851 SEVERUM,
1181 1801 1457 1845 POETAM
1524 1861 1528 1865 Δ

682 1871 1112 1914 MALEDICUM.

261 1939 425 2032 Qum
447 1967 695 2009 immerentes
717 1966 885 2021 hospites
905 1979 1029 2010 vexas
1046 1998 1058 2018 ,
1086 1967 1215 2016 canis,

311 2033 483 2085 Ignavus
500 2029 702 2072 adversum
731 2030 846 2084 lupos
863 2029 878 2069 ?

257 2092 376 2145 Quin
397 2092 474 2133 huc
494 2092 649 2140 inanes,
678 2090 707 2131 (ἰ
733 2103 868 2145 poteS,
890 2091 1010 2132 vertis
1035 2090 1184 2138 minas,

312 2154 361 2194 Et
392 2166 454 2193 me
476 2150 739 2193 remorsurum
763 2153 872 2205 petis.

256 2216 381 2264 Nam,
407 2216 534 2270 qualis
551 2226 620 2256 aut
639 2214 857 2262 Molossus,
877 2227 946 2257 aut
965 2215 1099 2257 fulvus
1130 2215 1288 2263 Lacon3

310 2280 481 2334 (Amica
507 2279 567 2320 vis
593 2278 842 2334 pastoribus)
878 2293 885 2301 ·

254 2343 384 2396 v,Agam
407 2356 475 2397 per
496 2343 591 2383 altas
614 2355 708 2383 aure
731 2341 881 2383 sublata
903 2341 1014 2383 nives
1028 2371 1040 2391 ,

311 2406 578 2460 Quaecunque
607 2407 798 2459 praecedet
822 2404 915 2446 fera.

254 2470 322 2514 Tu
336 2501 350 2518 ‚
369 2483 458 2523 <gum
479 2469 647 2511 timenda
673 2483 775 2510 voce
789 2467 991 2524 'complesti
1017 2481 1179 2519 nemus,

308 2531 531 2586 Projeetum
554 2532 733 2575 odoraris
755 2532 898 2574 cibum.

1481 2538 1531 2568 10
