1592 2898
190 219 258 272 86
404 216 467 288 Q.
518 208 897 262 HoRATu
946 201 1254 254 FLACCI

202 749 334 792 Lamiae
363 744 576 786 nobilitatem
613 741 766 780 laudat.-
798 736 917 776 deinde
949 734 1131 779 admonet,
1165 740 1206 768 ut
1230 726 1270 780 se
1306 733 1474 778 praeparet

282 815 333 853 ad
362 811 449 850 diem
488 805 699 861 crastinum,
721 801 783 855 qui
811 798 960 855 pluvius
984 796 1063 849 fhre
1088 794 1293 838 videbatur,
1319 786 1474 828 hilariter

282 873 496 928 exigendum.
671 863 674 868 ⁴

206 988 374 1066 AELI,
407 1012 563 1054 vetusto
590 1007 731 1050 nobilis
754 1005 805 1045 ab
829 1004 980 1050 Lamog

205 1078 412 1135 (Quando
438 1076 476 1115 δι
501 1074 651 1128 priores
674 1068 765 1108 hinc
789 1065 943 1106 Lamias
969 1060 1102 1106 ferunt

260 1138 574 1183 Denominatos,
599 1133 639 1173 &
666 1139 852 1182 nepotum

316 1199 388 1240 Per
406 1207 598 1239 memores
625 1203 748 1246 genus
771 1199 888 1228 omne
909 1183 1051 1231 fastos,

210 1319 387 1362 Au&ore
407 1317 456 1358 ab
476 1315 543 1356 illo
570 1312 678 1353 ducis
700 1303 948 1361 originem:)
1459 1301 1479 1344 ς

210 1381 298 1436 Qui
326 1379 568 1421 Formiarum
592 1372 735 1414 moenia
754 1369 893 1409 dicitur

263 1445 440 1496 Princeps
465 1439 507 1480 &
530 1438 724 1477 innantem
754 1429 912 1471 Maricae

317 1501 517 1547 Litoribus
539 1494 700 1539 tenuiffe
731 1492 846 1534 Lirim
860 1520 873 1538 ,

212 1628 310 1670 Late
331 1633 547 1678 tyrannus:
572 1627 657 1657 cras
676 1611 776 1654 foliis
796 1616 932 1648 nemus

214 1689 352 1732 Multis
380 1687 420 1727 δι
443 1685 530 1737 alga
551 1681 643 1721 litus
670 1672 800 1715 inutili
1137 1679 1140 1682 ⁴
1435 1664 1486 1694 ιο

268 1747 442 1793 Demiffa
468 1740 672 1798 tempestas
695 1737 744 1776 ab
769 1734 876 1775 Euro

320 1814 496 1858 Sternet,
520 1818 633 1860 aquae
655 1800 724 1842 nisi
752 1798 846 1840 fauit
872 1806 996 1849 augur

216 1924 378 1967 Annosa
403 1923 552 1969 cornix,
583 1919 692 1960 Dum
717 1915 820 1970 potis
838 1945 849 1961 ,
876 1910 1024 1952 aridum

217 1988 430 2041 Compone
462 1986 635 2038 lignum:
666 1991 749 2021 cras
774 1975 948 2018 Genium
968 1981 1084 2012 ‘mero

273 2051 441 2107 Curaipis
471 2049 513 2089 δι
532 2058 660 2101 porco
686 2039 881 2087 bimestri,
1441 2031 1495 2074 ις,

327 2113 431 2154 Cum
451 2109 602 2152 famulis
628 2117 793 2161 operum
814 2099 958 2143 solutis.
