1592 2898
168 213 233 271 24
372 214 432 283 Q,
498 214 867 266 HORATII
934 221 1251 272 FLAcct

165 315 254 358 Vos
276 318 427 374 Tempe
454 322 617 363 totidem
646 324 773 365 tollite
799 326 1008 377 laudibus,

167 377 448 434 Natalemque‚
472 397 598 425 mares
612 415 623 431 ,
649 385 791 428 Delon
808 389 1028 444 Apollinis,
1394 410 1444 439 10

221 440 490 498 Infignemque
508 447 689 499 pharetra
1310 447 1313 449 ¹

274 505 307 544 F
307 517 538 564 raternaque
561 510 766 553 humerum
789 512 889 566 lyra.

166 610 267 653 Haec
289 612 432 656 bellum
456 614 727 666 lacrimosum,
751 618 812 660 hic
834 618 1011 661 miseram
1034 621 1176 665 famem

164 670 408 728 Pestemque‚
434 688 458 715 a
478 677 653 729 populo,
681 680 853 734 principe
876 680 1054 732 caesare,
1074 684 1117 727 in

220 732 349 776 Persas
370 747 487 790 atque
510 738 718 781 Britannos
1174 763 1182 769 ·
1391 759 1438 805 ις

272 797 414 840 Vestra
437 812 568 842 motus
589 814 679 862 aget
704 816 832 857 prece.

574 1014 687 1066 OD
721 1020 766 1064 E
826 1021 1033 1068 XXII.

360 1166 458 1209 AD
505 1167 887 1212 ARISTIUM
933 1171 1237 1214 FUSCUM.

273 1310 360 1349 Vitae
385 1310 608 1366 integritatem
637 1314 674 1358 6·
696 1316 924 1356 innocentiam
950 1317 1071 1371 ubiqne
1097 1317 1162 1372 ff
1189 1325 1315 1362 tutam.¹

159 1427 370 1499 INTEGER
395 1456 490 1496 vitae
517 1455 742 1511 scelerisque
763 1469 884 1512 purus

155 1518 249 1560 Non
276 1531 364 1573 eget
383 1520 532 1561 Mauris
558 1521 716 1573 jaculis,
742 1535 869 1576 neque
888 1537 1010 1571 arcu,

155 1579 241 1622 Nec
268 1583 470 1625 venenatis
489 1582 651 1635 gravida
680 1582 848 1638 sagittis,

456 1643 600 1696 Fusce,
624 1645 826 1699 pharetra:

155 1750 245 1792 Sive
269 1765 339 1805 per
359 1751 493 1805 Syrtes
517 1752 589 1792 iter
613 1750 820 1801 aestuosas,
1413 1765 1434 1807 ς

153 1813 248 1854 Sive
276 1813 447 1855 faeturus
476 1827 544 1867 per
569 1814 837 1869 inhospitalem
1027 1808 1032 1814 ’
1212 1811 1214 1814 ’

153 1874 401 1925 Caucasum,
433 1875 497 1916 vel
517 1889 608 1929 quae
630 1876 718 1916 loca
742 1875 940 1919 fabulosus

453 1937 606 1981 Lambit
631 1937 849 1992 Hydaspes.

150 2041 332 2094 Namque
357 2054 419 2082 me
446 2040 543 2082 filva
563 2040 678 2095 lupus
698 2042 736 2081 in
760 2041 925 2091 Sabina,

150 2102 261 2143 Dum
286 2116 409 2142 meam
435 2114 552 2143 canto
575 2103 767 2156 Lalagen,
792 2105 834 2146 &
851 2104 956 2145 ultra
1380 2114 1429 2145 10

151 2165 385 2207 Terminum
411 2166 514 2206 curis
537 2178 664 2218 vagor
687 2165 900 2220 expeditis,

451 2225 567 2280 Fugit
593 2227 795 2266 inermem.

149 2335 283 2389 Quale
314 2343 538 2388 portentum
565 2345 693 2385 neque
714 2331 889 2372 militaris

149 2394 325 2437 Daunias
346 2396 428 2436 latis
453 2395 516 2435 alit
543 2393 753 2441 aesculetis,

147 2458 232 2504 Nec
256 2459 367 2505 Jubae
389 2457 504 2499 tellus
529 2467 709 2510 generat,
739 2455 899 2499 leonum
1375 2466 1421 2509 ις

447 2520 572 2566 Arida
599 2518 743 2564 nutrix.
