1592 2898
153 235 214 283 ··6
389 237 453 305 Q·
505 235 883 287 HORATII
933 241 1243 294 FLAcm

178 339 275 382 Sive
302 353 450 384 mutata
477 345 663 397 juvenem
691 347 839 403 figura,

179 405 295 453 Ales,
323 409 362 448 in
387 410 496 450 terris
521 411 702 459 imitaris,
723 414 838 456 almae

178 468 299 512 Filius
320 471 461 523 Majae,
486 474 633 526 patiens
657 477 792 516 vocari

476 534 638 577 Caesaris
667 536 800 579 ultor:

176 633 291 674 Serus
316 634 355 674 in
375 635 519 676 coelum
543 636 697 686 redeas,
722 637 866 691 diuque
1396 654 1446 698 45

175 695 306 737 Laetus
327 697 475 739 intersis
500 698 650 751 populo
678 698 868 753 Quirini:

175 759 288 801 Neve
310 771 349 800 te
369 759 506 801 nostris
531 761 639 803 vitiis
665 763 844 817 iniquum

471 822 599 865 Ocior
630 838 723 866 aura

173 920 319 963 Tollat.
343 920 420 962 Hic
445 932 612 973 magnos
638 919 768 974 potius
793 920 1040 975 triumphos,‘

172 983 247 1024 Hic
275 997 378 1024 ames
403 983 475 1024 dici
502 983 614 1024 Pater
635 993 752 1038 atque
775 981 980 1038 Princeps:
1397 999 1446 1043 50

171 1046 261 1091 Neu
281 1047 379 1089 sinas
395 1047 535 1088 Medos
559 1047 731 1100 equitare
752 1046 926 1095 inultos,

468 1110 530 1151 Te
563 1110 686 1159 duce,
712 1109 854 1152 Caesar.

621 1243 818 1290 ODE
880 1245 1004 1290 III.

168 1365 257 1413 AD
297 1368 531 1435 NAYEM
578 1366 722 1419 QUA
770 1367 1183 1412 VEHERATUR
1219 1369 1455 1413 VIRGF

301 1437 447 1478 L1US
482 1435 786 1479 ATHENAS
819 1435 1303 1480 PROFICISCENS.

194 1541 388 1583 Secundam
412 1538 557 1592 Virgilio
578 1538 831 1593 navigationem
849 1551 1035 1592 precatur.-
1072 1536 1411 1594 deindeoccafionetn

423 1615 565 1661 nablas,
587 1610 759 1651 hominum
784 1609 969 1652 audaciam
992 1612 1181 1665 detestatur.

167 1711 263 1787 Slc
287 1751 327 1781 te
349 1738 458 1780 Diva
481 1748 621 1790 potens
647 1737 807 1792 Cypri,

219 1805 283 1846 Sic
300 1803 437 1844 ftatres
453 1801 656 1849 Helenae,
679 1800 805 1841 lucida
828 1798 948 1840 fidera
957 1829 973 1848 ,

162 1865 466 1917 ,ventorumque
497 1871 606 1916 regat
630 1873 763 1916 pater,

216 1927 422 1970 Obstrie’tis
447 1925 552 1975 aliis;
572 1936 724 1980 praeter
744 1924 920 1978 Iapyga;

162 1991 309 2037 Navis,
337 2002 427 2042 quae
451 1987 520 2027 tibi
540 1987 728 2028 creditum
1411 1992 1432 2036 ς

216 2051 352 2092 Debes
370 2048 583 2102 Virgilium
595 2078 608 2097 ‚
632 2047 775 2088 finibus
794 2046 935 2088 Atticis

161 2113 309 2156 Reddas
330 2111 570 2153 incolumem
582 2139 597 2158 ,
624 2122 790 2162 precor,

216 2175 264 2215 Et
287 2171 415 2214 serves
438 2171 575 2212 animae
598 2170 796 2212 dimidium
819 2183 928 2211 meae.

161 2237 222 2281 Illi
250 2237 372 2277 robur
399 2236 440 2276 &
464 2248 517 2276 aes
541 2234 681 2289 triplex

213 2297 328 2338 Circa
350 2299 485 2351 pefius
503 2307 585 2337 erat
599 2328 612 2346 ,
638 2296 708 2349 qui
727 2294 900 2349 ftagilem
923 2293 1023 2334 truci
1380 2299 1431 2332 ιο

117 2368 122 2373 ’
159 2358 364 2401 Commisit
389 2358 526 2412 pelago
553 2368 674 2397 ratem

213 2414 389 2467 Primus,
415 2432 488 2460 nec
512 2418 639 2459 timuit
660 2416 895 2472 praecipitem
921 2415 1099 2458 Africum

158 2483 433 2525 Decertantem
455 2480 715 2534 Aquilonibus
729 2510 741 2528 ‚

209 2545 296 2588 Nec
323 2543 447 2588 tristes
473 2543 659 2599 Hyadas,
685 2555 758 2584 nec
783 2541 930 2584 rabiem
951 2539 1071 2588 Noti,
