1592 2898
357 212 843 262 CARMlNUM
906 214 1055 261 LIB.
1111 215 1146 260 1.
1333 233 1391 283 25

121 317 231 360 Pone
255 331 339 368 me,
359 320 481 374 pigris
505 320 573 361 ubi
598 320 702 361 nulla
724 321 870 376 campis

120 378 255 425 Arbor
274 379 407 422 aestiva
431 393 627 422 recreatur
644 394 766 432 aura;

120 438 249 493 Quod
268 440 369 482 larus
398 443 532 482 mundi
556 442 710 483 nebulae
736 441 936 498 malusque

413 502 588 556 luppiter
616 514 753 556 urget:
1337 519 1392 548 20

118 609 226 651 Pone
249 610 319 651 sub
346 622 465 652 curru
482 612 647 653 nimium
673 613 889 668 propinqui

116 669 239 718 Solis,
265 672 305 712 in
326 683 428 714 terra
449 674 627 714 domibus
651 687 815 728 negata:

116 732 247 777 Dulce
272 735 461 777 ridentem
485 735 650 790 Lalagen
680 731 849 785 arhabo,

410 798 541 840 Dulce
567 799 804 853 loquentem.

497 1003 612 1049 OD
646 1004 690 1048 E
749 1004 992 1051 XXIII.

429 1143 562 1190 AD,
633 1145 1053 1187 CHLOEN.

168 1284 256 1325 Non
283 1283 349 1337 ff
372 1283 477 1337 jam,
509 1288 602 1339 quod
629 1286 743 1326 viriles
763 1287 959 1340 complexus
989 1287 1188 1342 extimeftat
1200 1318 1214 1339 ,
1242 1289 1317 1331 viro

661 1370 811 1397 malum.

114 1450 207 1524 Vl
225 1493 331 1522 'ras
358 1482 545 1524 hinnuleo
573 1496 636 1524 me
661 1483 819 1534 simius,
842 1485 994 1534 Chloe,

109 1540 318 1594 Quaerenti
340 1544 520 1597 pavidam
546 1545 745 1585 montibus
767 1546 866 1587 aviis

159 1604 327 1644 Matrem
342 1635 355 1653 ‚
376 1618 457 1645 non
486 1604 566 1645 fine
590 1619 697 1646 vano

213 1666 413 1706 Auratum
444 1666 487 1706 δι
511 1665 619 1707 filvae
644 1671 763 1708 me'tu.

107 1766 208 1806 Nam
235 1766 302 1807 seu
322 1768 532 1809 mobilibus
562 1770 663 1810 veris
686 1770 883 1812 inhorruit
1357 1785 1376 1829 ς

105 1829 313 1873 Adventus
331 1829 463 1878 foliis,
489 1830 555 1871 seu
583 1832 725 1873 virides
744 1834 890 1899 rubum

159 1889 379 1932 Dimovere
399 1892 584 1942 lacertae,
634 1904 636 1906 ’

212 1953 262 1994 Et
286 1955 405 1996 corde
427 1956 469 1996 δι
493 1956 654 2009 genibus
677 1957 820 1998 tremit.

80 2041 82 2043 ‚
105 2056 227 2110 Atqui
253 2069 334 2097 non
358 2071 434 2111 ego
455 2069 520 2106 te,
541 2059 648 2112 tigris
666 2071 711 2100 ut
734 2060 892 2114 aspera,
1391 2088 1396 2093 -

105 2117 334 2160 Gaetulusve
361 2120 451 2167 leo,
483 2119 656 2175 frangere
684 2123 915 2181 persequor:
1324 2141 1376 2173 10

160 2179 334 2223 Tandem
364 2181 490 2223 define
513 2195 675 2224 matrem

210 2241 455 2298 Tempeffiva
478 2246 583 2301 sequi
607 2248 709 2290 viro.
