1592 2898
322 190 419 242 DE
442 192 500 271 ρ.
532 189 824 241 HORATIO
866 189 1121 242 HACCOE
1191 228 1194 230 -
1280 203 1370 246 xv,

76 282 332 396 {zu-gutur,
361 283 492 329 mole
518 278 561 327 8:
588 280 808 328 versuum
843 296 1049 328 numero
1076 279 1175 327 fere
1202 295 1368 342 aequa-

0 394 15 410 s
123 348 125 350 ’
188 358 215 394 t·
233 348 440 410 priorem
454 346 764 408 Epistularum
790 345 968 393 librum
981 380 995 403 ,
1026 356 1110 392 aut
1134 356 1262 392 certe
1282 362 1366 407 pa-

0 415 7 461 ?
82 429 202 460 rum·
214 411 338 459 inter
360 411 407 458 se
429 422 634 472 uterque
656 411 901 467 different,
925 422 983 457 ut
1005 410 1195 472 pridem
1220 422 1363 457 nota-

0 475 8 529 ἶ
83 478 158 524 vit
179 477 304 524 Dam
319 476 551 523 Heinfius.
568 476 755 522 Horatii
767 476 950 522 Saritai·>
958 475 1153 523 Fulvius
1173 474 1365 522 Urfinus

0 532 7 551 ἱ
84 542 139 589 in
160 541 357 606 Virgilio
382 558 495 589 cum
524 541 693 588 Graecis
716 541 1015 602 scriptoribus
1036 541 1217 587 collato
1239 557 1288 602 p.
1310 558 1365 603 3,

85 607 254 653 veteris
281 606 468 653 Codicis
496 605 711 653 Vaticani
744 606 896 652 fidem
929 605 1137 662 secutur,
1173 605 1365 667 Eclogas

85 671 307 733 appellat.
333 670 413 718 Sic
428 687 627 732 quoque
645 671 883 731 Cruquius
897 704 913 728 ,
934 669 1065 716 haud
1085 670 1371 732 improban-

81 747 137 782 -te
153 735 345 782 BarthIo
369 735 431 782 ad
448 735 652 782 Statium
671 736 731 782 T.
751 737 800 793 1,
823 752 872 797 p.
890 752 913 796 3
922 751 947 794 5
961 751 998 780 1.
1021 735 1164 781 Liber
1191 733 1365 782 Satira-

84 816 195 846 rum
218 799 451 847 secundus
464 801 692 847 Trebatio
712 801 764 847 in
795 800 1082 861 quibusdam
1113 799 1266 846 Codd.
1284 801 1362 846 in·-

84 865 313 911 scribitur.
331 865 615 928 Compofitae
639 864 749 912 sunt
768 866 974 912 <armine
988 865 1152 927 epico,
1170 865 1253 911 sed
1267 864 1363 911 ser-

0 943 24 975 ·.
84 930 221 978 moni
236 931 483 992 propiore,
506 942 563 976 ut
583 929 679 992 ipse
694 931 778 976 lib.
799 930 848 987 Ι,
865 929 955 977 Sat.
975 929 1063 988 IV,
1086 945 1147 990 ,μ
1171 929 1329 976 scribit
1344 947 1360 977 a

178 996 555 1059 ——nequefi
583 998 679 1058 quis
692 995 888 1057 scribat,
918 997 987 1041 uti
1011 1012 1118 1045 nos.
1159 1035 1161 1037 .

169 1061 380 1108 ,Sermoni
393 1063 623 1133 propiora.
637 1073 764 1124 putes
787 1059 900 1107 hunc
928 1060 1005 1123 ff
1022 1072 1208 1125 poetam.
1257 1095 1265 1103 .

0 1133 12 1140 '
89 1122 169 1169 Ab
184 1125 257 1170 his
273 1123 427 1171 Satiris
446 1125 684 1170 mordacem
701 1136 841 1171 vocat
868 1125 1089 1171 Flaccum
1110 1124 1332 1172 Sidonius
1344 1143 1359 1171 z

86 1187 252 1234 Petrus
273 1188 490 1234 Blesenfis
515 1188 718 1235 subinde
740 1189 973 1238 Ethicum,
998 1202 1056 1236 ut
1077 1189 1218 1252 Epist.
1250 1206 1368 1248 150,

89 1251 276 1298 8calibi.
354 1251 441 1299 uid
473 1254 664 1317 ecloga,
692 1253 814 1314 quid
830 1254 962 1300 satira
990 1255 1167 1318 exigat,
1185 1256 1364 1320 elegan-

89 1327 163 1363 ter
184 1316 329 1363 tradit
371 1333 417 1364 o.
438 1316 619 1364 Anton.
638 1317 910 1379 Campanus
931 1319 1016 1365 lib.
1034 1319 1102 1376 V,
1121 1319 1263 1381 Epist.
1285 1334 1364 1378 24.

87 1379 259 1442 vepfus
284 1393 493 1443 quatuor
517 1380 561 1428 8c
589 1383 933 1447 quinquaginta
949 1400 1029 1430 sex
1060 1385 1265 1446 Epistola
1296 1383 1366 1430 adst

86 1445 316 1503 Florum,
341 1463 371 1492 a
394 1447 530 1493 versu
564 1448 620 1501 87
649 1448 712 1493 ad
740 1463 847 1507 140,
876 1449 927 1494 in
948 1450 1142 1495 alteram
1171 1449 1232 1495 ad
1256 1448 1365 1496 Au-

89 1510 278 1573 gustum
302 1510 644 1559 transferendos
659 1522 800 1570 ‚non
822 1513 927 1574 post
945 1531 994 1560 v.
1020 1529 1131 1576 219,
1151 1526 1208 1561 ut
1234 1514 1365 1561 Dan.

88 1576 334 1634 Heinsius,
370 1576 452 1622 fed
474 1577 579 1638 post
608 1590 693 1631 117
729 1578 1030 1625 collocandos
1056 1579 1171 1636 effe,
1202 1579 1364 1643 fingu-

88 1641 172 1687 lnri
205 1640 302 1687 difl:
334 1641 387 1687 in
414 1640 557 1687 Acad.
589 1641 957 1704 Inscriptionum
984 1644 1118 1691 Paris.
1147 1661 1187 1690 a.
1216 1657 1367 1702 1702,

0 1727 3 1752 ῑ
94 1708 153 1750 15
172 1705 298 1751 Nov.
313 1707 573 1766 probatum
594 1707 682 1752 ivit
695 1707 772 1765 Jo.
792 1708 1032 1755 Bor'vinius.
1053 1708 1223 1756 Verfiis
1247 1705 1365 1756 οᾶὶο

0 1768 6 1817 J
91 1770 144 1816 in
167 1769 452 1830 quibusdam
476 1770 627 1817 Codd.
644 1770 689 1818 8(
714 1772 1001 1820 editionibus
1022 1773 1203 1836 praefixi
1225 1774 1309 1820 lib.
1334 1771 1364 1820 I

0 1856 13 1894 ‘i
89 1833 247 1880 Satirae
277 1835 354 1891 X,
387 1833 431 1881 Sc
461 1852 489 1880 a
519 1835 728 1898 Gyraldo
765 1837 932 1902 dialog.
964 1837 1034 1885 1V
1080 1839 1142 1885 de
1173 1840 1378 1901 poetiS„

0 1898 17 1935 »ἦ
92 1898 221 1945 Guil.
240 1899 444 1946 Cantero
463 1900 656 1962 aliisque
671 1917 760 1965 prp
779 1902 1047 1949 Horatianis
1066 1904 1243 1951 habiti:
1266 1900 1362 1951 Lu-

91 1965 188 2013 cili,
210 1966 418 2027 quamfis
448 1966 669 2027 mendosus
703 1967 800 2029 reste
827 1971 987 2016 Catone
1014 1967 1096 2014 δίς.
1126 1979 1366 2031 tanquam

0 2042 3 2044 ·
91 2027 235 2090 spurii
252 2046 280 2075 a
292 2029 473 2076 Criticis
491 2031 776 2094 rejiciuntur.
800 2033 927 2079 Vide
946 2033 1009 2079 H.
1033 2032 1329 2096 Stephanum
1341 2066 1365 2092 5

0 2109 11 2132 r
92 2092 340 2140 Laevinum
348 2093 684 2152 Torrentium,
702 2096 829 2143 alios.
843 2099 901 2143 In
913 2099 1025 2144 libri
1043 2098 1238 2145 secundi
1251 2099 1358 2161 Epi-

0 2131 19 2256 ξ
92 2157 208 2203 stola
229 2158 277 2204 11
302 2159 562 2222 tmfpofiti
583 2160 740 2207 vasus
759 2179 798 2208 a.
818 2163 875 2216 87
896 2163 959 2208 ad
981 2178 1088 2221 140,
1108 2175 1165 2210 ut
1187 2175 1360 2225 praeter

0 2258 15 2282 3
92 2221 217 2268 Dan.
251 2223 498 2271 Heinfium
532 2225 584 2271 in
616 2227 766 2284 notis,
789 2227 865 2285 Jo.
899 2227 1141 2275 Boivinius
1171 2227 1269 2275 diff.
1302 2231 1358 2276 in

91 2288 332 2333 memoriis
354 2290 561 2336 literariis
591 2291 876 2338 Trevoltinis
900 2310 940 2339 a.
974 2307 1115 2355 1703,
1144 2293 1271 2356 Sept.
1303 2312 1355 2356 p.

0 2355 14 2416 g
94 2350 187 2398 268
213 2351 314 2412 sqq.
342 2352 582 2401 Salmasius
604 2355 903 2417 inSolinurn
919 2375 965 2420 p.
981 2376 1030 2418 5,
1060 2359 1246 2406 Horatii
1263 2376 1356 2406 no·
1428 2377 1431 2379 ·

90 2416 223 2461 mine
249 2417 411 2464 laudat
440 2419 572 2466 hunc
599 2421 814 2469 versum:

0 2478 38 2823 ἱ
183 2480 326 2529 Nulla
350 2483 439 2530 dies
467 2485 617 2536 abeat,
640 2490 741 2550 quin
768 2489 881 2535 linea
907 2489 1035 2537 dubia
1048 2490 1251 2556 superfit.
