1592 2898
316 247 805 299 ·SERMONUM
854 247 1001 297 LlBss
1049 252 1125 298 ΙΙ.
1269 268 1358 302 201

100 357 278 401 Absentis
296 359 536 413 ranae,pullis
556 359 673 400 vituli
693 359 790 412 pede
813 359 966 414 preffis,
1361 397 1368 405 ,

101 421 217 462 Unus
239 420 308 460 ubi
325 418 485 473 effugit,
509 419 622 459 matri
647 420 848 468 denarrat,
868 431 912 462 ut
930 421 1063 474 ingens
1293 431 1366 474 3¹5

99 481 236 524 Benna
250 494 440 536 cognatos
461 481 622 523 eliserit:
644 481 707 522 illa
730 493 894 535 rogare,

10 586 13 593 ,
97 541 313 594 Quantane
325 543 457 584 ?.num
477 555 624 584 tantum
637 574 650 590 ,
668 541 826 584 sufflans
839 542 903 590 se,
917 555 1055 597 magna
1071 542 1221 585 fuiffet?
1235 565 1316 574 -—-

100 603 235 656 Major
250 604 417 646 dimidio.
435 626 516 635 —
527 605 634 646 Num
659 615 771 646 tanto
782 603 800 644 ἓ
812 626 878 636 ——
892 605 996 647 Cum
1020 607 1141 660 magis
1157 618 1274 661 atque

100 663 151 704 Se
173 664 293 717 magis
312 665 488 714 inflat-en
514 665 634 714 Non,
661 663 691 705 fi
712 677 752 706 te
771 666 923 719 ruperis
937 696 950 715 ‚
970 666 1125 720 inquit,

12 744 17 747 ’
100 724 175 767 Par
197 726 284 766 eris.
302 726 404 768 Haec
423 739 446 766 a
468 738 508 767 te
529 738 609 766 non
633 727 798 768 multum
823 727 971 767 abludit
993 728 1133 780 imago.
1295 737 1370 778 320

100 787 213 828 Adde
224 799 404 842 poemata
417 801 522 829 nunc
534 801 547 828 z
565 789 670 843 (hoc
686 788 766 837 est,
784 788 916 829 oleum
936 789 1031 829 adde
1051 788 1262 835 minium)

99 851 212 904 Quae
226 851 253 890 fi
269 851 356 905 quis
370 850 483 896 (anus
495 849 609 900 fecit,
631 851 743 893 sanus
764 851 858 892 facis
885 852 926 891 δι
953 863 1008 891 tu.

103 913 199 954 Non
212 915 299 956 dico
314 915 542 955 horrendam
556 916 714 956 rabiem.
728 915 899 956 —Jam
917 914 1055 954 define.
1076 936 1149 946 —-
1164 912 1325 954 Cultum

101 975 296 1027 Maiorem
317 976 441 1016 cenfis.
453 977 687 1017 —Teneas
701 1006 715 1025 ,
726 975 986 1029 Damasippe,
1007 976 1082 1016 tuis
1098 986 1150 1015 te.
1165 997 1247 1007 --

102 1038 213 1079 Mille
226 1038 460 1091 puellarum,
481 1052 693 1092 puerorum
718 1038 822 1078 mille
850 1037 1014 1078 furores.
1028 1060 1114 1068 —
1297 1047 1370 1089 325

101 1098 146 1140 Ο
164 1098 291 1151 major
310 1100 463 1140 tandem
489 1112 624 1153 parcas
636 1128 651 1149 ,
669 1098 819 1148 insane,
838 1099 995 1139 minori.

467 1269 855 1316 SATIRA
918 1268 1013 1314 IV.

107 1409 303 1452 LssvEs
326 1407 739 1451 CATILLONES
766 1406 1105 1449 EPICUREAE
1143 1405 1370 1448 SECTAE

308 1506 310 1510 v
374 1475 377 1477 ¹
575 1478 902 1522 DERIDET.

110 1573 257 1650 Uno
268 1614 316 1651 ε,
339 1602 381 1644 8(
397 1616 480 1657 quo
495 1601 630 1643 Catius
640 1600 829 1642 ?—Non
843 1599 899 1642 est
913 1601 1007 1641 mihi
1020 1611 1196 1655 tempus,
1214 1599 1348 1642 aventi

107 1664 255 1706 Ponere
271 1663 375 1718 figna
388 1665 502 1705 novis
516 1664 739 1716 praeceptis,
762 1663 893 1717 qualia
909 1663 1075 1703 vincunt

106 1727 364 1781 Pythagoram
376 1756 388 1773 ‚
410 1728 615 1780 Anytique
631 1740 741 1767 reum
757 1757 770 1776 ‚
787 1725 1024 1780 doaumque
1040 1725 1214 1766 Platona.
1227 1745 1298 1759 ι-

109 1786 310 1828 Peccatum
329 1786 479 1833 fateor,
499 1800 588 1827 cum
607 1798 645 1827 te
664 1787 716 1827 fic
732 1799 913 1840 tempore
931 1786 1039 1826 laevo

106 1847 384 1904 Interpellarim
403 1861 413 1887 :
443 1847 506 1896 sed
530 1849 597 1888 des
619 1849 773 1888 veniam
802 1849 954 1897 bonus,
972 1861 1061 1888 oro.
1353 1859 1373 1900 ς

109 1911 232 1967 Quod
246 1911 277 1953 st
290 1912 523 1953 interciderit
549 1913 617 1952 tibi
640 1925 744 1953 nunc
763 1912 904 1965 aliquid
917 1941 930 1960 ,
956 1923 1105 1965 repetet
1127 1922 1248 1958 mox3

107 1975 197 2016 Sive
211 1975 265 2016 est
279 1985 429 2016 naturae
442 1974 519 2015 hoc
531 2006 545 2023 ‚
565 1974 646 2015 five
663 1974 757 2015 artis
768 2004 781 2022 ‚
807 1975 924 2014 mirus
945 1986 1130 2030 utroque.
1143 1995 1220 2006 -—

109 2036 223 2092 Quin
244 2037 281 2077 id
301 2049 384 2077 erat
406 2050 530 2084 curae,
557 2048 640 2090 quo
659 2033 775 2090 paeto
793 2036 933 2076 cuneta
951 2046 1119 2076 tenerem
1138 2050 1152 2083 3

108 2097 259 2152 utpote
283 2110 345 2138 res
368 2109 527 2145 tenues,
547 2098 655 2137 tenui
678 2095 856 2137 sermone
873 2096 1055 2149 pet-aetas.
1070 2117 1152 2128 ---

104 2157 188 2199 Ede
202 2157 370 2197 hominis
387 2155 678 2206 nomen;s1mul
691 2157 735 2198 δι
746 2186 761 2204 ,
775 2156 983 2197 Romanus
997 2169 1047 2195 an
1063 2155 1297 2211 hospea—
1329 2167 1378 2196 10

106 2219 190 2274 Ipsa
208 2232 359 2259 memor
372 2231 566 2275 praecepta
583 2233 718 2260 canam
734 2233 747 2268 3
768 2220 954 2261 celabitur
972 2220 1123 2272 audior.

108 2279 246 2333 Longa
264 2279 405 2332 quibus
424 2280 541 2322 facies
566 2282 658 2322 ovis
677 2281 776 2330 erit,
802 2281 868 2322 illa
891 2294 1114 2332 memento,

110 2341 166 2382 Ut
181 2340 283 2382 succi
305 2342 496 2391 melioris,
523 2345 563 2385 δι
590 2357 634 2384 ut
658 2345 778 2397 magis
798 2344 897 2384 alma
917 2346 1094 2385 rotundis

109 2402 281 2443 Ponere.
305 2414 471 2456 namque
491 2417 635 2444 marem
656 2405 844 2446 cohibent
861 2406 1003 2446 mllosa
1026 2406 1220 2448 vitellum.

111 2462 213 2506 Cole
229 2462 470 2511 suburbano,
489 2466 558 2517 qui
576 2465 681 2507 ssecis
697 2467 823 2507 crevit
836 2467 876 2506 in
898 2467 1023 2521 agris,
1326 2477 1374 2520 ις

108 2523 299 2573 Dulcior3
325 2525 475 2579 irriguo
497 2525 591 2567 nihil
613 2526 669 2568 est
692 2528 832 2570 elutius
852 2528 983 2570 horto.
