1592 2898
1252 237 1347 296 255

157 570 1274 672 Q.HORAT11FLACC1

85 752 1352 899 EPISTOLARUM

324 969 581 1015 LIBER
641 964 1105 1014 SECUNDUS.

406 1308 942 1356 EPISTOLA
1007 1280 1066 1353 ιζ

339 1453 459 1495 AD
525 1429 1104 1495 Aucus‘rum.

85 1586 170 1641 1³0st
188 1585 412 1639 splendidum
439 1585 477 1624 fin
506 1584 725 1636 numerosum
752 1570 991 1638 principium}
1019 1598 1088 1636 quo
1121 1582 1243 1622 laudes
1259 1583 1355 1623 ,Ana

165 1647 253 1700 gusti
272 1646 393 1699 egregie
418 1645 541 1694 canit,
563 1644 740 1697 subtiliter
769 1646 967 1699 Augustum
996 1656 1111 1684 movet
1130 1644 1170 1684 in
1188 1644 1351 1697 favorem

160 1706 225 1758 sui
250 1707 409 1759 temporis
420 1718 614 1759 poetarum.

91 1807 230 1880 Cum
251 1847 313 1877 tot
334 1835 515 1876 sustineas
537 1834 578 1875 &
605 1846 710 1876 tanta
731 1836 889 1888 negotia
906 1835 1034 1886 solus,

90 1897 170 1938 Res
192 1888 313 1938 Italas*
333 1898 447 1938 armis
469 1898 626 1945 tuteris,
647 1898 822 1937 moribus
848 1911 990 1946 ornes,

88 1961 258 2016 Legibus
272 1962 474 2009 emendem
498 1961 539 2000 in
558 1960 709 2014 publica
732 1962 939 2002 commoda
962 1974 1143 2015 peccem,

90 2023 130 2065 Si
155 2025 279 2078 longo
302 2022 480 2064 sermone
500 2035 631 2063 morer
649 2034 715 2063 tua
736 2015 937 2077 tempora,
962 2023 1106 2064 Caesar.

90 2085 313 2134 Romulus,
335 2088 378 2127 δι
402 2086 518 2126 Libet
540 2097 672 2139 pater,
695 2088 737 2126 δι
762 2099 850 2126 cum
874 2086 1035 2127 Castore
1060 2086 1223 2139 Pollux,
1334 2102 1355 2145 5

90 2146 180 2188 Post
200 2149 366 2202 ingentia
384 2148 483 2189 faaa
497 2179 511 2196 ,
537 2148 716 2189 Deorum
737 2150 776 2188 in
800 2150 942 2203 templa
965 2151 1138 2204 recepti,

91 2206 204 2249 Dum
228 2218 349 2249 terras
369 2209 652 2262 hominumque
672 2209 808 2249 colunt
831 2223 977 2263 genus,
1004 2211 1135 2263 aspera
1156 2212 1257 2253 bella

93 2269 379 2323 Componunt,
403 2284 518 2324 agros
542 2270 751 2324 affigam,
781 2273 921 2325 oppida
944 2275 1120 2314 condunt
1136 2304 1150 2322 ‚

92 2330 302 2372 Ploravere
321 2331 397 2372 suis
420 2346 500 2374 non
526 2332 757 2387 respondere
780 2332 960 2374 favorem

93 2393 293 2446 Speratum
315 2395 478 2436 meritis:
499 2397 628 2436 diram·
640 2397 709 2449 qui
731 2397 909 2437 contudit
924 2398 1090 2449 hydram
1105 2427 1120 2445 ‚
1310 2411 1357 2439 10

95 2455 279 2511 Notaque
296 2455 400 2496 fatali
420 2469 598 2511 portenta
621 2458 755 2499 labore
777 2458 948 2512 subegit,

2 2580 7 2584 .
95 2516 299 2573 Comperit
319 2519 502 2561 invidiam
524 2519 704 2574 supremo
727 2519 807 2562 fine
831 2521 991 2562 domari.
