1592 2898
236 235 331 282 206
437 234 498 302 Q.
565 233 943 283 HoRATu
1013 232 1319 288 fLAcc‘t

233 340 275 380 O
293 340 516 388 Laertiade,
538 341 721 394 quidquid
747 342 898 392 dicam,
929 353 997 384 aut
1019 344 1118 393 erit,
1137 356 1207 385 aut
1229 358 1335 388 non:

230 403 425 444 Divinare
449 404 588 444 etenim
612 417 776 458 magnus
808 405 904 445 mihi
925 406 1044 462 donat
1071 408 1291 461 Apollo.-
1457 409 1511 453 60

233 466 347 518 Quid
370 478 501 505 tamen
524 464 591 504 ista
619 466 712 505 velit
738 466 804 505 fibi
824 466 979 516 fabula,
1002 467 1031 509 fi
1060 469 1151 510 licet
1166 501 1177 520 ‚
1203 470 1343 512 ede.—

229 529 432 581 Tempore
457 540 539 581 quo
564 526 724 578 juvenis
750 527 895 568 Parthis
920 529 1154 581 horrendus,
1181 531 1229 571 ab
1251 532 1331 573 alto

229 590 449 634 Demiffum
473 603 594 644 genus
615 591 740 630 AEnea
756 621 769 638 ‚
797 590 935 631 tellure
966 593 1144 647 marique

229 656 402 708 Magnus
423 655 516 701 erit,
547 652 641 693 forti
669 653 790 694 nubet
819 667 981 707 procera
1012 656 1175 699 Corano

228 720 330 761 Pilia
352 718 501 760 Naficae
515 748 525 765 ‚
551 718 754 759 metuentis
776 719 932 760 reddere
958 719 1119 760 soldum.
1454 725 1507 779 65

227 786 336 826 Turn
364 797 481 838 gener
509 784 585 825 hoc
613 783 752 832 faciet;
777 784 924 825 tabulas
953 785 1088 827 socero
1111 786 1235 838 dabit,
1256 798 1374 844 atque
1553 789 1556 791 ’

227 848 286 889 Ut
310 847 413 900 legat
428 846 585 886 orabit:
616 845 783 886 multum
812 846 949 888 Nafica
973 858 1131 901 negatas

228 911 407 962 Accipiet
428 908 577 948 tandem
594 939 605 955 ,
629 909 669 948 &
702 909 841 950 tacitus
866 909 990 963 leget3
1024 911 1274 966 invenietque

227 972 294 1012 Nil
314 971 380 1011 fibi
397 971 565 1023 legatum
580 1000 592 1017 ‚
621 981 758 1023 praeter
788 970 940 1023 plorare
953 985 971 1018 ,“
995 969 1159 1026 suisque.

226 1034 325 1074 Illud
354 1033 400 1072 ad
428 1033 511 1072 haec
535 1031 678 1084 jubeo:
709 1032 844 1072 mulier
869 1031 897 1071 si
923 1030 1027 1073 forte
1045 1033 1177 1074 dolosa
1452 1047 1511 1088 70
1542 1045 1545 1047 ·

228 1093 454 1135 Libertusve
478 1091 605 1133 senem
630 1091 792 1133 delirum
822 1103 1033 1146 temperet,
1062 1093 1133 1134 illis

226 1156 400 1210 Accedas
430 1154 582 1195 socius:
612 1153 742 1194 laudes
758 1185 769 1202 ,
797 1154 962 1195 lauderis
982 1165 1026 1195 ut
1050 1155 1208 1197 absens:

225 1219 405 1272 Adiuvat
433 1217 511 1258 hoc
536 1229 720 1271 quoque3
750 1216 810 1257 sed
835 1217 956 1258 vincit
981 1217 1098 1272 longe
1120 1219 1225 1272 prius
1257 1218 1383 1273 ipsum

226 1282 461 1336 Expugnare
484 1291 618 1334 caput:
647 1279 784 1320 scribet
809 1280 908 1319 mala
934 1281 1105 1321 carmina
1125 1281 1291 1322 vecors?

227 1346 421 1386 Laudato:
449 1343 639 1384 scortator
659 1344 758 1383 erit?
784 1356 882 1383 cave
910 1353 949 1383 te
974 1355 1107 1397 roget:
1130 1344 1236 1385 ultro
1448 1355 1502 1399 75

226 1407 446 1460 Penelopen
468 1405 585 1446 facilis
605 1405 751 1458 potiori
775 1405 896 1444 trade.
916 1427 960 1435 -
982 1404 1169 1457 Putasne,

222 1471 384 1512 Pei-duci
409 1470 555 1524 poterit
577 1479 658 1508 tam
684 1468 782 1521 frugi
806 1479 964 1522 tamque
987 1469 1152 1521 pudica,

225 1533 363 1587 Quam
383 1532 565 1586 nequiere
593 1530 701 1584 proci
727 1530 834 1570 τεᾶο
854 1530 1043 1583 depellere
1071 1531 1183 1584 eursu
1197 1533 1212 1573 .³
1227 1554 1273 1563 -

223 1595 347 1635 Venit
372 1595 483 1634 enim·
501 1605 685 1646 magnum
713 1591 880 1632 donandi
911 1605 1024 1646 parca
1047 1592 1258 1644 juventus,

224 1659 311 1699 Nec
331 1669 482 1698 tantum
509 1656 697 1704 Veneris,
719 1665 907 1708 quantum
935 1653 1099 1695 studiosa
1122 1655 1278 1697 culinae.
1449 1655 1506 1699 80

221 1721 287 1761 Sic
307 1721 374 1760 tibi
398 1719 592 1771 Penelope
622 1718 726 1771 frugi
749 1717 829 1757 est:
860 1729 949 1770 quae
972 1716 1002 1756 sl
1030 1716 1145 1758 semel
1164 1731 1248 1759 uno

221 1781 289 1823 De
310 1781 397 1822 sene
417 1781 597 1834 gustarit,
620 1791 749 1820 tecum
775 1779 917 1833 partita
940 1779 1151 1829 lucellum,

222 1843 280 1884 Ut
298 1843 427 1890 canis,
463 1856 484 1882 a
511 1842 623 1891 corio
649 1853 847 1894 nunquam
881 1839 1155 1882 absterrebitur
1180 1841 1316 1883 unelo.

220 1905 292 1945 Me
321 1904 428 1951 sene,
457 1903 562 1957 quod
581 1904 728 1949 dicam,
755 1902 902 1943 faRum
926 1902 1005 1944 est:
1032 1915 1131 1944 anus
1155 1904 1333 1959 improba
1355 1904 1501 1946 Thebis

218 1968 280 2008 Ex
300 1966 528 2007 testamento
549 1966 600 2006 fic
622 1965 675 2006 est
698 1964 824 2006 elata:
853 1965 1019 2006 cadaver
1448 1967 1498 2023 85

219 2030 394 2071 Unaum
421 2029 514 2069 oleo
539 2029 647 2082 largo
672 2029 782 2068 nudis
806 2027 978 2068 humeris
1005 2027 1095 2068 tulit
1121 2028 1254 2069 heres:
1460 2051 1464 2054 ·

218 2092 371 2133 Scilicet
393 2091 494 2132 elabi
518 2090 547 2130 si
577 2089 698 2144 poffet
726 2094 909 2131 n'iortua:
936 2091 1079 2137 credo,

219 2153 348 2206 Quod
378 2153 544 2194 nimium
564 2153 747 2193 institerat
773 2154 934 2194 viventi.
963 2153 1113 2194 cautus
1136 2153 1263 2195 adito:

218 2215 309 2255 Neu
340 2215 434 2255 desls
460 2228 614 2269 operae,
641 2228 740 2256 neve
761 2217 1034 2260 immoderatus
1056 2216 1240 2257 abundes.

218 2276 426 2318 Difficilem
450 2279 487 2318 δι
510 2278 709 2319 morosum
735 2278 908 2320 offendet
933 2279 1129 2332 garrulus:
1157 2280 1258 2321 ultra
1441 2288 1498 2337 90

217 2339 314 2381 Non
334 2341 449 2381 etiam
478 2341 596 2381 fileas.
624 2342 766 2383 Davus
788 2342 836 2382 fis
855 2344 1050 2391 comicus,
1073 2353 1192 2397 atque
1520 2344 1523 2346 ’

216 2401 302 2442 Stes
326 2403 451 2456 capite
478 2402 655 2456 obstipo,
687 2403 852 2444 multum
873 2403 1000 2444 similis
1027 2406 1228 2444 metuenti.

217 2464 419 2520 Obsequio
441 2465 627 2520 grassare:
652 2478 792 2513 mone,
814 2465 842 2505 fi
868 2466 1057 2506 increbuit
1083 2479 1201 2514 aura,

217 2524 370 2568 Cantus
392 2527 450 2568 uti
472 2526 577 2570 velet
595 2539 728 2568 carum
752 2538 895 2582 caput:
923 2528 1082 2569 extrahe
1107 2528 1247 2577 turba,
