<?xml version="1.0" encoding="UTF-8"?>
<!DOCTYPE html PUBLIC "-//W3C//DTD XHTML 1.0 Transitional//EN"
    "http://www.w3.org/TR/xhtml1/DTD/xhtml1-transitional.dtd">
<html xmlns="http://www.w3.org/1999/xhtml" xml:lang="en" lang="en">
 <head>
  <title>
</title>
<meta http-equiv="Content-Type" content="text/html;charset=utf-8" />
  <meta name='ocr-system' content='tesseract 3.04.00' />
  <meta name='ocr-capabilities' content='ocr_page ocr_carea ocr_par ocr_line ocrx_word'/>
</head>
<body>
  <div class='ocr_page' id='page_1' title='image "./operaadoptimased00horauoft_0146.png"; bbox 0 0 1592 2898; ppageno 0'>
   <div class='ocr_carea' id='block_1_1' title="bbox 202 212 1266 288">
    <p class='ocr_par' dir='ltr' id='par_1_1' title="bbox 202 212 1266 288">
     <span class='ocr_line' id='line_1_1' title="bbox 202 212 1266 288; baseline -0.017 -11"><span class='ocrx_word' id='word_1_1' title='bbox 202 238 269 288; x_wconf 77' lang='lat'>42</span> <span class='ocrx_word' id='word_1_2' title='bbox 411 218 476 287; x_wconf 94' lang='grc' dir='ltr'>Ω.</span> <span class='ocrx_word' id='word_1_3' title='bbox 525 214 902 264; x_wconf 87' lang='lat' dir='ltr'>HORATII</span> <span class='ocrx_word' id='word_1_4' title='bbox 955 212 1266 261; x_wconf 89' lang='lat' dir='ltr'>FLACCI</span> 
     </span>
    </p>
   </div>
   <div class='ocr_carea' id='block_1_2' title="bbox 543 383 1147 563">
    <p class='ocr_par' dir='ltr' id='par_1_2' title="bbox 543 383 1147 563">
     <span class='ocr_line' id='line_1_2' title="bbox 655 383 1040 432; baseline -0.005 -1"><span class='ocrx_word' id='word_1_5' title='bbox 655 383 851 432; x_wconf 88' lang='lat' dir='ltr'>ODE</span> <span class='ocrx_word' id='word_1_6' title='bbox 914 384 1040 430; x_wconf 90' lang='lat' dir='ltr'><strong><em>III.</em></strong></span> 
     </span>
     <span class='ocr_line' id='line_1_3' title="bbox 543 510 1147 563; baseline -0.012 -5"><span class='ocrx_word' id='word_1_7' title='bbox 543 513 673 559; x_wconf 8' lang='lat' dir='ltr'>AD?</span> <span class='ocrx_word' id='word_1_8' title='bbox 724 510 1147 563; x_wconf 81' lang='lat' dir='ltr'><strong>DELLIUM.</strong></span> 
     </span>
    </p>
   </div>
   <div class='ocr_carea' id='block_1_3' title="bbox 207 623 1484 805">
    <p class='ocr_par' dir='ltr' id='par_1_3' title="bbox 207 623 1484 805">
     <span class='ocr_line' id='line_1_4' title="bbox 207 623 1482 695; baseline -0.015 -14"><span class='ocrx_word' id='word_1_9' title='bbox 207 640 332 695; x_wconf 78' lang='lat' dir='ltr'>Neque</span> <span class='ocrx_word' id='word_1_10' title='bbox 357 625 592 678; x_wconf 68' lang='lat' dir='ltr'>demittendum</span> <span class='ocrx_word' id='word_1_11' title='bbox 622 633 789 683; x_wconf 78' lang='lat' dir='ltr'>adversis,</span> <span class='ocrx_word' id='word_1_12' title='bbox 825 644 930 682; x_wconf 79' lang='lat' dir='ltr'>neque</span> <span class='ocrx_word' id='word_1_13' title='bbox 966 627 1164 682; x_wconf 69' lang='lat' dir='ltr'>ffrendum</span> <span class='ocrx_word' id='word_1_14' title='bbox 1194 625 1356 679; x_wconf 72' lang='lat' dir='ltr'>ficundis</span> <span class='ocrx_word' id='word_1_15' title='bbox 1386 623 1482 665; x_wconf 79' lang='lat' dir='ltr'>rebus</span> 
     </span>
     <span class='ocr_line' id='line_1_5' title="bbox 290 689 1484 750; baseline -0.012 -8"><span class='ocrx_word' id='word_1_16' title='bbox 290 701 440 741; x_wconf 81' lang='lat' dir='ltr'>animum</span> <span class='ocrx_word' id='word_1_17' title='bbox 456 713 467 737; x_wconf 94' lang='grc'>.·</span> <span class='ocrx_word' id='word_1_18' title='bbox 486 696 550 750; x_wconf 84' lang='lat' dir='ltr'>sed</span> <span class='ocrx_word' id='word_1_19' title='bbox 566 696 717 736; x_wconf 71' lang='lat' dir='ltr'>hilariaer</span> <span class='ocrx_word' id='word_1_20' title='bbox 734 693 939 740; x_wconf 76' lang='lat' dir='ltr'>vivendum,</span> <span class='ocrx_word' id='word_1_21' title='bbox 958 706 1034 732; x_wconf 85' lang='lat' dir='ltr'>cum</span> <span class='ocrx_word' id='word_1_22' title='bbox 1058 703 1154 746; x_wconf 74' lang='lat' dir='ltr'><em>aqua</em></span> <span class='ocrx_word' id='word_1_23' title='bbox 1161 691 1213 744; x_wconf 81' lang='lat' dir='ltr'>fit</span> <span class='ocrx_word' id='word_1_24' title='bbox 1237 689 1391 730; x_wconf 79' lang='lat' dir='ltr'>omnibus</span> <span class='ocrx_word' id='word_1_25' title='bbox 1413 702 1484 728; x_wconf 83' lang='lat' dir='ltr'>mo·</span> 
     </span>
     <span class='ocr_line' id='line_1_6' title="bbox 291 758 579 805; baseline -0.017 -1"><span class='ocrx_word' id='word_1_26' title='bbox 291 762 398 805; x_wconf 79' lang='lat' dir='ltr'>riendi</span> <span class='ocrx_word' id='word_1_27' title='bbox 418 758 579 803; x_wconf 83' lang='lat' dir='ltr'>conditio.</span> 
     </span>
    </p>
   </div>
   <div class='ocr_carea' id='block_1_4' title="bbox 213 856 1045 1120">
    <p class='ocr_par' dir='ltr' id='par_1_4' title="bbox 213 856 1045 1120">
     <span class='ocr_line' id='line_1_7' title="bbox 215 856 1038 934; baseline -0.012 -8"><span class='ocrx_word' id='word_1_28' title='bbox 215 856 460 934; x_wconf 78' lang='lat' dir='ltr'><strong>AEQUAM</strong></span> <span class='ocrx_word' id='word_1_29' title='bbox 484 888 682 921; x_wconf 85' lang='lat' dir='ltr'>memento</span> <span class='ocrx_word' id='word_1_30' title='bbox 701 876 818 918; x_wconf 88' lang='lat' dir='ltr'>rebus</span> <span class='ocrx_word' id='word_1_31' title='bbox 841 879 883 918; x_wconf 92' lang='lat' dir='ltr'>in</span> <span class='ocrx_word' id='word_1_32' title='bbox 908 876 1038 919; x_wconf 78' lang='lat' dir='ltr'>arduis</span> 
     </span>
     <span class='ocr_line' id='line_1_8' title="bbox 213 939 1045 992; baseline -0.012 -3"><span class='ocrx_word' id='word_1_33' title='bbox 213 948 377 990; x_wconf 85' lang='lat' dir='ltr'>Servare</span> <span class='ocrx_word' id='word_1_34' title='bbox 399 956 567 986; x_wconf 84' lang='lat' dir='ltr'>mentem</span> <span class='ocrx_word' id='word_1_35' title='bbox 582 974 596 992; x_wconf 91' lang='lat'>‚</span> <span class='ocrx_word' id='word_1_36' title='bbox 625 954 707 982; x_wconf 91' lang='lat' dir='ltr'>non</span> <span class='ocrx_word' id='word_1_37' title='bbox 734 940 843 982; x_wconf 89' lang='lat' dir='ltr'>secus</span> <span class='ocrx_word' id='word_1_38' title='bbox 866 941 906 980; x_wconf 87' lang='lat' dir='ltr'>in</span> <span class='ocrx_word' id='word_1_39' title='bbox 930 939 1045 981; x_wconf 74' lang='lat' dir='ltr'>bonis</span> 
     </span>
     <span class='ocr_line' id='line_1_9' title="bbox 270 1008 820 1059; baseline -0.018 -6"><span class='ocrx_word' id='word_1_40' title='bbox 270 1011 337 1053; x_wconf 89' lang='lat' dir='ltr'>Ab</span> <span class='ocrx_word' id='word_1_41' title='bbox 360 1008 536 1050; x_wconf 86' lang='lat' dir='ltr'>insolenti</span> <span class='ocrx_word' id='word_1_42' title='bbox 564 1015 820 1059; x_wconf 81' lang='lat' dir='ltr'>temperatam</span> 
     </span>
     <span class='ocr_line' id='line_1_10' title="bbox 324 1065 873 1120; baseline -0.013 -7"><span class='ocrx_word' id='word_1_43' title='bbox 324 1072 500 1120; x_wconf 86' lang='lat' dir='ltr'>Laetitia,</span> <span class='ocrx_word' id='word_1_44' title='bbox 524 1069 716 1111; x_wconf 85' lang='lat' dir='ltr'>moriture</span> <span class='ocrx_word' id='word_1_45' title='bbox 738 1065 873 1115; x_wconf 89' lang='lat' dir='ltr'>Delli,</span> 
     </span>
    </p>
   </div>
   <div class='ocr_carea' id='block_1_5' title="bbox 207 1166 1491 1407">
    <p class='ocr_par' dir='ltr' id='par_1_5' title="bbox 207 1166 1491 1407">
     <span class='ocr_line' id='line_1_11' title="bbox 207 1166 1491 1223; baseline -0.015 -6"><span class='ocrx_word' id='word_1_46' title='bbox 207 1177 293 1220; x_wconf 78' lang='lat' dir='ltr'>‘Seu</span> <span class='ocrx_word' id='word_1_47' title='bbox 313 1172 472 1216; x_wconf 84' lang='lat' dir='ltr'>moestus</span> <span class='ocrx_word' id='word_1_48' title='bbox 494 1170 606 1216; x_wconf 87' lang='lat' dir='ltr'>omni</span> <span class='ocrx_word' id='word_1_49' title='bbox 629 1180 807 1223; x_wconf 85' lang='lat' dir='ltr'>tempore</span> <span class='ocrx_word' id='word_1_50' title='bbox 830 1166 974 1207; x_wconf 83' lang='lat' dir='ltr'>vixeris</span> <span class='ocrx_word' id='word_1_51' title='bbox 982 1173 1000 1213; x_wconf 49' lang='lat'>,*</span> <span class='ocrx_word' id='word_1_52' title='bbox 1470 1170 1491 1215; x_wconf 78' lang='grc' dir='ltr'><strong>ς</strong></span> 
     </span>
     <span class='ocr_line' id='line_1_12' title="bbox 218 1229 986 1288; baseline -0.016 -7"><span class='ocrx_word' id='word_1_53' title='bbox 218 1239 296 1281; x_wconf 85' lang='lat' dir='ltr'>Seu</span> <span class='ocrx_word' id='word_1_54' title='bbox 322 1248 360 1278; x_wconf 90' lang='lat' dir='ltr'>te</span> <span class='ocrx_word' id='word_1_55' title='bbox 380 1237 419 1277; x_wconf 91' lang='lat' dir='ltr'>in</span> <span class='ocrx_word' id='word_1_56' title='bbox 437 1244 595 1276; x_wconf 86' lang='lat' dir='ltr'>remoto</span> <span class='ocrx_word' id='word_1_57' title='bbox 620 1233 792 1288; x_wconf 86' lang='lat' dir='ltr'>gramine</span> <span class='ocrx_word' id='word_1_58' title='bbox 814 1243 882 1286; x_wconf 84' lang='lat' dir='ltr'>per</span> <span class='ocrx_word' id='word_1_59' title='bbox 906 1229 986 1270; x_wconf 65' lang='lat' dir='ltr'>dies</span> 
     </span>
     <span class='ocr_line' id='line_1_13' title="bbox 272 1295 810 1344; baseline -0.017 0"><span class='ocrx_word' id='word_1_60' title='bbox 272 1301 408 1344; x_wconf 84' lang='lat' dir='ltr'>Festos</span> <span class='ocrx_word' id='word_1_61' title='bbox 429 1299 657 1341; x_wconf 85' lang='lat' dir='ltr'>reclinatum</span> <span class='ocrx_word' id='word_1_62' title='bbox 681 1295 810 1336; x_wconf 86' lang='lat' dir='ltr'>bearis</span> 
     </span>
     <span class='ocr_line' id='line_1_14' title="bbox 328 1357 850 1407; baseline -0.019 0"><span class='ocrx_word' id='word_1_63' title='bbox 328 1364 518 1407; x_wconf 76' lang='lat' dir='ltr'>Inter-iore</span> <span class='ocrx_word' id='word_1_64' title='bbox 545 1371 640 1403; x_wconf 86' lang='lat' dir='ltr'>nota</span> <span class='ocrx_word' id='word_1_65' title='bbox 670 1357 850 1400; x_wconf 84' lang='lat' dir='ltr'>Falerni:</span> 
     </span>
    </p>
   </div>
   <div class='ocr_carea' id='block_1_6' title="bbox 216 1453 1498 1709">
    <p class='ocr_par' dir='ltr' id='par_1_6' title="bbox 216 1453 1498 1709">
     <span class='ocr_line' id='line_1_15' title="bbox 221 1453 1003 1523; baseline -0.02 -13"><span class='ocrx_word' id='word_1_66' title='bbox 221 1468 321 1523; x_wconf 87' lang='lat' dir='ltr'>Qua</span> <span class='ocrx_word' id='word_1_67' title='bbox 345 1466 460 1521; x_wconf 85' lang='lat' dir='ltr'>pinus</span> <span class='ocrx_word' id='word_1_68' title='bbox 481 1463 616 1517; x_wconf 84' lang='lat' dir='ltr'>ingens</span> <span class='ocrx_word' id='word_1_69' title='bbox 645 1459 810 1512; x_wconf 87' lang='lat' dir='ltr'>albaque</span> <span class='ocrx_word' id='word_1_70' title='bbox 831 1453 1003 1510; x_wconf 87' lang='lat' dir='ltr'>populus</span> 
     </span>
     <span class='ocr_line' id='line_1_16' title="bbox 216 1518 1498 1580; baseline -0.021 -8"><span class='ocrx_word' id='word_1_71' title='bbox 216 1529 416 1576; x_wconf 65' lang='lat' dir='ltr'>Umbram</span> <span class='ocrx_word' id='word_1_72' title='bbox 443 1525 670 1580; x_wconf 88' lang='lat' dir='ltr'>hospitalem</span> <span class='ocrx_word' id='word_1_73' title='bbox 701 1519 925 1564; x_wconf 81' lang='lat' dir='ltr'>consociare</span> <span class='ocrx_word' id='word_1_74' title='bbox 949 1522 1079 1557; x_wconf 86' lang='lat' dir='ltr'>amant</span> <span class='ocrx_word' id='word_1_75' title='bbox 1449 1518 1498 1562; x_wconf 68' lang='grc' dir='ltr'>ιφ</span> 
     </span>
     <span class='ocr_line' id='line_1_17' title="bbox 275 1579 965 1642; baseline -0.025 -8"><span class='ocrx_word' id='word_1_76' title='bbox 275 1588 436 1639; x_wconf 72' lang='grc' dir='ltr'><strong>Κειωῖε,</strong></span> <span class='ocrx_word' id='word_1_77' title='bbox 465 1600 545 1642; x_wconf 87' lang='lat' dir='ltr'>qua</span> <span class='ocrx_word' id='word_1_78' title='bbox 566 1586 608 1626; x_wconf 88' lang='lat'>&amp;</span> <span class='ocrx_word' id='word_1_79' title='bbox 627 1583 789 1636; x_wconf 88' lang='lat' dir='ltr'>obliquo</span> <span class='ocrx_word' id='word_1_80' title='bbox 814 1579 965 1620; x_wconf 87' lang='lat' dir='ltr'>laborat</span> 
     </span>
     <span class='ocr_line' id='line_1_18' title="bbox 331 1641 1017 1709; baseline -0.025 -12"><span class='ocrx_word' id='word_1_81' title='bbox 331 1651 517 1709; x_wconf 87' lang='lat' dir='ltr'>Lympha</span> <span class='ocrx_word' id='word_1_82' title='bbox 541 1648 660 1703; x_wconf 84' lang='lat' dir='ltr'>fugax</span> <span class='ocrx_word' id='word_1_83' title='bbox 685 1643 874 1700; x_wconf 86' lang='lat' dir='ltr'>trepidare</span> <span class='ocrx_word' id='word_1_84' title='bbox 899 1641 1017 1683; x_wconf 86' lang='lat' dir='ltr'>rivo:</span> 
     </span>
    </p>
   </div>
   <div class='ocr_carea' id='block_1_7' title="bbox 222 1737 1501 1987">
    <p class='ocr_par' dir='ltr' id='par_1_7' title="bbox 222 1737 1501 1987">
     <span class='ocr_line' id='line_1_19' title="bbox 223 1737 1118 1801; baseline -0.023 -2"><span class='ocrx_word' id='word_1_85' title='bbox 223 1758 318 1800; x_wconf 84' lang='lat' dir='ltr'>Huc</span> <span class='ocrx_word' id='word_1_86' title='bbox 332 1753 427 1795; x_wconf 85' lang='lat' dir='ltr'>vina</span> <span class='ocrx_word' id='word_1_87' title='bbox 446 1748 489 1791; x_wconf 87' lang='lat'>&amp;</span> <span class='ocrx_word' id='word_1_88' title='bbox 507 1757 709 1801; x_wconf 85' lang='lat' dir='ltr'>unguenta</span> <span class='ocrx_word' id='word_1_89' title='bbox 732 1743 776 1785; x_wconf 79' lang='grc' dir='ltr'>δι</span> <span class='ocrx_word' id='word_1_90' title='bbox 796 1740 962 1782; x_wconf 86' lang='lat' dir='ltr'>nimium</span> <span class='ocrx_word' id='word_1_91' title='bbox 985 1737 1118 1781; x_wconf 83' lang='lat' dir='ltr'>brevis</span> 
     </span>
     <span class='ocr_line' id='line_1_20' title="bbox 222 1800 1499 1862; baseline -0.023 -1"><span class='ocrx_word' id='word_1_92' title='bbox 222 1819 362 1862; x_wconf 71' lang='lat' dir='ltr'>flores</span> <span class='ocrx_word' id='word_1_93' title='bbox 385 1823 564 1855; x_wconf 82' lang='lat' dir='ltr'>amoenos</span> <span class='ocrx_word' id='word_1_94' title='bbox 586 1808 686 1849; x_wconf 86' lang='lat' dir='ltr'>ferre</span> <span class='ocrx_word' id='word_1_95' title='bbox 700 1800 806 1859; x_wconf 49' lang='lat' dir='ltr'>&#39;jube</span> <span class='ocrx_word' id='word_1_96' title='bbox 830 1802 954 1853; x_wconf 85' lang='lat' dir='ltr'>rosae,</span> <span class='ocrx_word' id='word_1_97' title='bbox 1495 1846 1499 1849; x_wconf 22' lang='grc' dir='ltr'>Ι</span> 
     </span>
     <span class='ocr_line' id='line_1_21' title="bbox 281 1863 1501 1919; baseline -0.02 0"><span class='ocrx_word' id='word_1_98' title='bbox 281 1878 394 1919; x_wconf 90' lang='lat' dir='ltr'>Dum</span> <span class='ocrx_word' id='word_1_99' title='bbox 421 1886 483 1915; x_wconf 87' lang='lat' dir='ltr'>res</span> <span class='ocrx_word' id='word_1_100' title='bbox 513 1872 556 1913; x_wconf 77' lang='grc' dir='ltr'>δι</span> <span class='ocrx_word' id='word_1_101' title='bbox 582 1883 677 1912; x_wconf 86' lang='lat' dir='ltr'>aetas</span> <span class='ocrx_word' id='word_1_102' title='bbox 699 1869 742 1910; x_wconf 77' lang='grc' dir='ltr'>δι</span> <span class='ocrx_word' id='word_1_103' title='bbox 770 1866 952 1908; x_wconf 85' lang='lat' dir='ltr'>sororum</span> <span class='ocrx_word' id='word_1_104' title='bbox 1453 1863 1501 1909; x_wconf 75' lang='grc' dir='ltr'>ις</span> 
     </span>
     <span class='ocr_line' id='line_1_22' title="bbox 338 1932 905 1987; baseline -0.018 -9"><span class='ocrx_word' id='word_1_105' title='bbox 338 1937 425 1978; x_wconf 88' lang='lat' dir='ltr'>Fila</span> <span class='ocrx_word' id='word_1_106' title='bbox 444 1935 562 1976; x_wconf 87' lang='lat' dir='ltr'>trium</span> <span class='ocrx_word' id='word_1_107' title='bbox 585 1932 784 1987; x_wconf 86' lang='lat' dir='ltr'>patiuntur</span> <span class='ocrx_word' id='word_1_108' title='bbox 809 1939 905 1969; x_wconf 82' lang='lat' dir='ltr'>atra.</span> 
     </span>
    </p>
   </div>
   <div class='ocr_carea' id='block_1_8' title="bbox 230 2030 1508 2277">
    <p class='ocr_par' dir='ltr' id='par_1_8' title="bbox 230 2030 1508 2277">
     <span class='ocr_line' id='line_1_23' title="bbox 231 2030 1000 2085; baseline -0.021 0"><span class='ocrx_word' id='word_1_109' title='bbox 231 2043 356 2085; x_wconf 88' lang='lat' dir='ltr'>Cedes</span> <span class='ocrx_word' id='word_1_110' title='bbox 383 2039 548 2082; x_wconf 86' lang='lat' dir='ltr'>coemtis</span> <span class='ocrx_word' id='word_1_111' title='bbox 571 2035 727 2078; x_wconf 86' lang='lat' dir='ltr'>saltibus</span> <span class='ocrx_word' id='word_1_112' title='bbox 741 2064 754 2083; x_wconf 91' lang='lat'><strong>‚</strong></span> <span class='ocrx_word' id='word_1_113' title='bbox 789 2032 829 2073; x_wconf 78' lang='grc' dir='ltr'>δι</span> <span class='ocrx_word' id='word_1_114' title='bbox 850 2030 971 2072; x_wconf 88' lang='lat' dir='ltr'>domo</span> <span class='ocrx_word' id='word_1_115' title='bbox 983 2037 1000 2077; x_wconf 73' lang='lat'><em>3</em></span> 
     </span>
     <span class='ocr_line' id='line_1_24' title="bbox 230 2090 1054 2158; baseline -0.019 -12"><span class='ocrx_word' id='word_1_116' title='bbox 230 2106 274 2152; x_wconf 76' lang='lat' dir='ltr'><strong><em>N</em></strong></span> <span class='ocrx_word' id='word_1_117' title='bbox 276 2104 439 2158; x_wconf 83' lang='lat' dir='ltr'>illaque,</span> <span class='ocrx_word' id='word_1_118' title='bbox 462 2101 590 2141; x_wconf 87' lang='lat' dir='ltr'>flavus</span> <span class='ocrx_word' id='word_1_119' title='bbox 611 2110 729 2152; x_wconf 89' lang='lat' dir='ltr'>quam</span> <span class='ocrx_word' id='word_1_120' title='bbox 753 2093 905 2134; x_wconf 89' lang='lat' dir='ltr'>Tiberis</span> <span class='ocrx_word' id='word_1_121' title='bbox 929 2090 1025 2136; x_wconf 86' lang='lat' dir='ltr'>lavit</span> <span class='ocrx_word' id='word_1_122' title='bbox 1037 2099 1054 2137; x_wconf 57' lang='lat'>,‘</span> 
     </span>
     <span class='ocr_line' id='line_1_25' title="bbox 286 2155 1394 2207; baseline -0.02 0"><span class='ocrx_word' id='word_1_123' title='bbox 286 2165 435 2207; x_wconf 87' lang='lat' dir='ltr'>Cedes:</span> <span class='ocrx_word' id='word_1_124' title='bbox 462 2163 504 2203; x_wconf 81' lang='grc' dir='ltr'>δι</span> <span class='ocrx_word' id='word_1_125' title='bbox 525 2158 727 2203; x_wconf 74' lang='lat' dir='ltr'>exstruffis</span> <span class='ocrx_word' id='word_1_126' title='bbox 752 2157 794 2196; x_wconf 91' lang='lat' dir='ltr'>in</span> <span class='ocrx_word' id='word_1_127' title='bbox 813 2155 938 2196; x_wconf 88' lang='lat' dir='ltr'>altum</span> <span class='ocrx_word' id='word_1_128' title='bbox 1389 2185 1394 2190; x_wconf 77' lang='grc'><strong><em>,</em></strong></span> 
     </span>
     <span class='ocr_line' id='line_1_26' title="bbox 342 2211 1508 2277; baseline -0.019 -11"><span class='ocrx_word' id='word_1_129' title='bbox 342 2223 504 2266; x_wconf 87' lang='lat' dir='ltr'>Divitiis</span> <span class='ocrx_word' id='word_1_130' title='bbox 529 2222 702 2277; x_wconf 88' lang='lat' dir='ltr'>potietur</span> <span class='ocrx_word' id='word_1_131' title='bbox 723 2219 847 2260; x_wconf 84' lang='lat' dir='ltr'>heres.</span> <span class='ocrx_word' id='word_1_132' title='bbox 1454 2211 1508 2244; x_wconf 59' lang='grc' dir='ltr'>πο</span> 
     </span>
    </p>
   </div>
   <div class='ocr_carea' id='block_1_9' title="bbox 235 2314 1003 2556">
    <p class='ocr_par' dir='ltr' id='par_1_9' title="bbox 235 2314 1003 2503">
     <span class='ocr_line' id='line_1_27' title="bbox 237 2314 993 2377; baseline -0.019 -10"><span class='ocrx_word' id='word_1_133' title='bbox 237 2324 412 2368; x_wconf 89' lang='lat' dir='ltr'>Divesne</span> <span class='ocrx_word' id='word_1_134' title='bbox 424 2352 436 2372; x_wconf 88' lang='lat'><strong>‚</strong></span> <span class='ocrx_word' id='word_1_135' title='bbox 459 2321 584 2377; x_wconf 87' lang='lat' dir='ltr'>prisco</span> <span class='ocrx_word' id='word_1_136' title='bbox 603 2330 717 2361; x_wconf 87' lang='lat' dir='ltr'>natus</span> <span class='ocrx_word' id='word_1_137' title='bbox 743 2317 793 2359; x_wconf 88' lang='lat' dir='ltr'>ab</span> <span class='ocrx_word' id='word_1_138' title='bbox 813 2314 962 2356; x_wconf 86' lang='lat' dir='ltr'>Inacho</span> <span class='ocrx_word' id='word_1_139' title='bbox 977 2342 993 2363; x_wconf 91' lang='lat'><strong>‚</strong></span> 
     </span>
     <span class='ocr_line' id='line_1_28' title="bbox 235 2374 1003 2436; baseline -0.02 -7"><span class='ocrx_word' id='word_1_140' title='bbox 235 2388 302 2434; x_wconf 84' lang='lat' dir='ltr'>Nil</span> <span class='ocrx_word' id='word_1_141' title='bbox 328 2384 504 2433; x_wconf 88' lang='lat' dir='ltr'>interest,</span> <span class='ocrx_word' id='word_1_142' title='bbox 535 2396 584 2424; x_wconf 90' lang='lat' dir='ltr'>an</span> <span class='ocrx_word' id='word_1_143' title='bbox 610 2380 781 2436; x_wconf 83' lang='lat' dir='ltr'>pauper,</span> <span class='ocrx_word' id='word_1_144' title='bbox 805 2377 847 2419; x_wconf 76' lang='grc' dir='ltr'>δι</span> <span class='ocrx_word' id='word_1_145' title='bbox 871 2374 1003 2416; x_wconf 83' lang='lat' dir='ltr'>infima</span> 
     </span>
     <span class='ocr_line' id='line_1_29' title="bbox 291 2438 953 2503; baseline -0.023 -11"><span class='ocrx_word' id='word_1_146' title='bbox 291 2450 358 2492; x_wconf 90' lang='lat' dir='ltr'>De</span> <span class='ocrx_word' id='word_1_147' title='bbox 380 2459 517 2503; x_wconf 87' lang='lat' dir='ltr'>gente,</span> <span class='ocrx_word' id='word_1_148' title='bbox 545 2445 613 2487; x_wconf 89' lang='lat' dir='ltr'>sub</span> <span class='ocrx_word' id='word_1_149' title='bbox 640 2440 735 2484; x_wconf 65' lang='lat' dir='ltr'>divo</span> <span class='ocrx_word' id='word_1_150' title='bbox 764 2438 953 2486; x_wconf 85' lang='lat' dir='ltr'>moreris,</span> 
     </span>
    </p>

    <p class='ocr_par' dir='ltr' id='par_1_10' title="bbox 347 2500 965 2556">
     <span class='ocr_line' id='line_1_30' title="bbox 347 2500 965 2556; baseline -0.024 0"><span class='ocrx_word' id='word_1_151' title='bbox 347 2511 518 2556; x_wconf 65' lang='lat' dir='ltr'>victima</span> <span class='ocrx_word' id='word_1_152' title='bbox 546 2508 600 2551; x_wconf 86' lang='lat' dir='ltr'>nil</span> <span class='ocrx_word' id='word_1_153' title='bbox 625 2503 836 2549; x_wconf 85' lang='lat' dir='ltr'>miserantis</span> <span class='ocrx_word' id='word_1_154' title='bbox 852 2500 965 2544; x_wconf 88' lang='lat' dir='ltr'>Orci.</span> 
     </span>
    </p>
   </div>
  </div>
 </body>
</html>
