<?xml version="1.0" encoding="UTF-8"?>
<!DOCTYPE html PUBLIC "-//W3C//DTD XHTML 1.0 Transitional//EN"
    "http://www.w3.org/TR/xhtml1/DTD/xhtml1-transitional.dtd">
<html xmlns="http://www.w3.org/1999/xhtml" xml:lang="en" lang="en">
 <head>
  <title>
</title>
<meta http-equiv="Content-Type" content="text/html;charset=utf-8" />
  <meta name='ocr-system' content='tesseract 3.04.00' />
  <meta name='ocr-capabilities' content='ocr_page ocr_carea ocr_par ocr_line ocrx_word'/>
</head>
<body>
  <div class='ocr_page' id='page_1' title='image "./operaadoptimased00horauoft_0062.png"; bbox 0 0 1592 2898; ppageno 0'>
   <div class='ocr_carea' id='block_1_1' title="bbox 211 220 1239 305">
    <p class='ocr_par' dir='ltr' id='par_1_1' title="bbox 211 220 1239 305">
     <span class='ocr_line' id='line_1_1' title="bbox 211 220 1239 305; baseline -0.001 -13"><span class='ocrx_word' id='word_1_1' title='bbox 211 257 308 293; x_wconf 71' lang='lat' dir='ltr'><strong>mv</strong></span> <span class='ocrx_word' id='word_1_2' title='bbox 457 246 555 292; x_wconf 79' lang='lat' dir='ltr'><strong>No</strong></span> <span class='ocrx_word' id='word_1_3' title='bbox 575 245 652 292; x_wconf 85' lang='lat' dir='ltr'><strong>TI</strong></span> <span class='ocrx_word' id='word_1_4' title='bbox 667 245 789 293; x_wconf 77' lang='grc' dir='ltr'><strong>ΤιΑ</strong></span> <span class='ocrx_word' id='word_1_5' title='bbox 829 220 1239 305; x_wconf 61' lang='lat' dir='ltr'><em>LJTERAMA</em></span> 
     </span>
    </p>
   </div>
   <div class='ocr_carea' id='block_1_2' title="bbox 216 332 1490 493">
    <p class='ocr_par' dir='ltr' id='par_1_2' title="bbox 216 332 1490 493">
     <span class='ocr_line' id='line_1_2' title="bbox 374 332 1489 385; baseline 0 -11"><span class='ocrx_word' id='word_1_6' title='bbox 374 333 424 384; x_wconf 81' lang='lat' dir='ltr'>Q</span> <span class='ocrx_word' id='word_1_7' title='bbox 438 334 488 374; x_wconf 83' lang='lat' dir='ltr'><strong>H.</strong></span> <span class='ocrx_word' id='word_1_8' title='bbox 501 333 541 373; x_wconf 90' lang='lat' dir='ltr'><strong>F.</strong></span> <span class='ocrx_word' id='word_1_9' title='bbox 557 332 813 373; x_wconf 80' lang='lat' dir='ltr'>obscoenitate</span> <span class='ocrx_word' id='word_1_10' title='bbox 828 333 960 374; x_wconf 84' lang='lat' dir='ltr'>Romae</span> <span class='ocrx_word' id='word_1_11' title='bbox 979 342 1219 383; x_wconf 79' lang='lat' dir='ltr'><strong>expurgatus.</strong></span> <span class='ocrx_word' id='word_1_12' title='bbox 1234 332 1319 374; x_wconf 77' lang='lat' dir='ltr'><strong>Coi.</strong></span> <span class='ocrx_word' id='word_1_13' title='bbox 1339 333 1424 385; x_wconf 84' lang='lat' dir='ltr'><strong>Agr.</strong></span> <span class='ocrx_word' id='word_1_14' title='bbox 1447 332 1489 374; x_wconf 89' lang='lat'><strong>8.</strong></span> 
     </span>
     <span class='ocr_line' id='line_1_3' title="bbox 216 387 1490 439; baseline -0.002 -11"><span class='ocrx_word' id='word_1_15' title='bbox 216 389 317 438; x_wconf 82' lang='lat'>1604</span> <span class='ocrx_word' id='word_1_16' title='bbox 373 388 728 435; x_wconf 81' lang='lat' dir='ltr'><strong>Theod.Marc1l1i‚</strong></span> <span class='ocrx_word' id='word_1_17' title='bbox 745 387 843 428; x_wconf 67' lang='lat' dir='ltr'><strong>Pref.</strong></span> <span class='ocrx_word' id='word_1_18' title='bbox 870 387 977 438; x_wconf 86' lang='lat' dir='ltr'><strong>Eloq.</strong></span> <span class='ocrx_word' id='word_1_19' title='bbox 997 388 1104 438; x_wconf 85' lang='lat' dir='ltr'><strong>Regii</strong></span> <span class='ocrx_word' id='word_1_20' title='bbox 1129 388 1178 427; x_wconf 85' lang='lat' dir='ltr'><strong>ad</strong></span> <span class='ocrx_word' id='word_1_21' title='bbox 1199 389 1248 439; x_wconf 85' lang='lat' dir='ltr'><strong>Q.</strong></span> <span class='ocrx_word' id='word_1_22' title='bbox 1272 387 1322 428; x_wconf 88' lang='lat' dir='ltr'><strong>H.</strong></span> <span class='ocrx_word' id='word_1_23' title='bbox 1340 387 1380 428; x_wconf 91' lang='lat' dir='ltr'><strong>F.</strong></span> <span class='ocrx_word' id='word_1_24' title='bbox 1397 399 1490 438; x_wconf 89' lang='lat' dir='ltr'>ope-</span> 
     </span>
     <span class='ocr_line' id='line_1_4' title="bbox 374 440 1490 493; baseline 0 -12"><span class='ocrx_word' id='word_1_25' title='bbox 374 455 414 481; x_wconf 83' lang='lat' dir='ltr'><strong>ra</strong></span> <span class='ocrx_word' id='word_1_26' title='bbox 437 443 566 481; x_wconf 85' lang='lat' dir='ltr'><strong>omnia</strong></span> <span class='ocrx_word' id='word_1_27' title='bbox 593 443 823 492; x_wconf 75' lang='lat' dir='ltr'><strong>quotidianae</strong></span> <span class='ocrx_word' id='word_1_28' title='bbox 846 444 882 483; x_wconf 72' lang='grc' dir='ltr'><strong><em>ἃ</em></strong></span> <span class='ocrx_word' id='word_1_29' title='bbox 906 442 1119 482; x_wconf 73' lang='lat' dir='ltr'>emendatae</span> <span class='ocrx_word' id='word_1_30' title='bbox 1145 441 1339 482; x_wconf 71' lang='lat' dir='ltr'><strong>leetiones.</strong></span> <span class='ocrx_word' id='word_1_31' title='bbox 1373 440 1490 493; x_wconf 84' lang='lat' dir='ltr'>Apud</span> 
     </span>
    </p>
   </div>
   <div class='ocr_carea' id='block_1_3' title="bbox 209 355 371 369">
    <p class='ocr_par' dir='ltr' id='par_1_3' title="bbox 209 355 371 369">
     <span class='ocr_line' id='line_1_5' title="bbox 209 355 371 369; baseline 0 2529"><span class='ocrx_word' id='word_1_32' title='bbox 209 355 371 369; x_wconf 95' lang='lat' dir='ltr'><strong> </strong></span> 
     </span>
    </p>
   </div>
   <div class='ocr_carea' id='block_1_4' title="bbox 204 495 1497 2599">
    <p class='ocr_par' dir='ltr' id='par_1_4' title="bbox 373 495 959 538">
     <span class='ocr_line' id='line_1_6' title="bbox 373 495 959 538; baseline -0.002 -1"><span class='ocrx_word' id='word_1_33' title='bbox 373 495 501 537; x_wconf 80' lang='lat' dir='ltr'><strong>Barth.</strong></span> <span class='ocrx_word' id='word_1_34' title='bbox 517 496 720 537; x_wconf 79' lang='lat' dir='ltr'><strong>Macaeum.</strong></span> <span class='ocrx_word' id='word_1_35' title='bbox 747 496 861 538; x_wconf 71' lang='lat' dir='ltr'><strong>Paris.</strong></span> <span class='ocrx_word' id='word_1_36' title='bbox 890 495 959 536; x_wconf 85' lang='lat' dir='ltr'><strong>fol.</strong></span> 
     </span>
    </p>

    <p class='ocr_par' dir='ltr' id='par_1_5' title="bbox 209 544 1497 927">
     <span class='ocr_line' id='line_1_7' title="bbox 209 544 1489 604; baseline -0.002 -13"><span class='ocrx_word' id='word_1_37' title='bbox 209 550 419 592; x_wconf 89' lang='lat' dir='ltr'>---In</span> <span class='ocrx_word' id='word_1_38' title='bbox 444 550 494 600; x_wconf 83' lang='lat' dir='ltr'><strong>Q.</strong></span> <span class='ocrx_word' id='word_1_39' title='bbox 515 551 548 590; x_wconf 86' lang='grc' dir='ltr'><strong><em>Η</em></strong></span> <span class='ocrx_word' id='word_1_40' title='bbox 581 549 622 590; x_wconf 89' lang='lat' dir='ltr'><strong>F.</strong></span> <span class='ocrx_word' id='word_1_41' title='bbox 645 551 693 589; x_wconf 90' lang='lat' dir='ltr'><strong>de</strong></span> <span class='ocrx_word' id='word_1_42' title='bbox 714 554 803 591; x_wconf 85' lang='lat' dir='ltr'>Arte</span> <span class='ocrx_word' id='word_1_43' title='bbox 826 544 978 601; x_wconf 73' lang='lat' dir='ltr'><strong>poetic‘a</strong></span> <span class='ocrx_word' id='word_1_44' title='bbox 996 549 1136 590; x_wconf 82' lang='lat' dir='ltr'><strong>librum</strong></span> <span class='ocrx_word' id='word_1_45' title='bbox 1150 550 1318 591; x_wconf 78' lang='lat' dir='ltr'><strong>Hercules</strong></span> <span class='ocrx_word' id='word_1_46' title='bbox 1332 551 1489 604; x_wconf 55' lang='lat' dir='ltr'><strong><em>Mauso-</em></strong></span> 
     </span>
     <span class='ocr_line' id='line_1_8' title="bbox 374 603 1497 655; baseline 0.001 -12"><span class='ocrx_word' id='word_1_47' title='bbox 374 604 584 652; x_wconf 86' lang='lat' dir='ltr'><strong>nius,civis</strong></span> <span class='ocrx_word' id='word_1_48' title='bbox 607 603 653 643; x_wconf 87' lang='lat' dir='ltr'><strong>ab</strong></span> <span class='ocrx_word' id='word_1_49' title='bbox 676 605 823 655; x_wconf 66' lang='lat' dir='ltr'><strong>origine</strong></span> <span class='ocrx_word' id='word_1_50' title='bbox 836 604 1059 654; x_wconf 66' lang='lat' dir='ltr'><strong>Beigomus.</strong></span> <span class='ocrx_word' id='word_1_51' title='bbox 1081 605 1159 655; x_wconf 87' lang='lat' dir='ltr'><strong>Qui</strong></span> <span class='ocrx_word' id='word_1_52' title='bbox 1177 614 1308 654; x_wconf 85' lang='lat' dir='ltr'>aperte</span> <span class='ocrx_word' id='word_1_53' title='bbox 1329 605 1497 655; x_wconf 39' lang='lat' dir='ltr'>demonq</span> 
     </span>
     <span class='ocr_line' id='line_1_9' title="bbox 373 658 1488 708; baseline -0.002 -9"><span class='ocrx_word' id='word_1_54' title='bbox 373 659 483 705; x_wconf 83' lang='lat' dir='ltr'>strat,</span> <span class='ocrx_word' id='word_1_55' title='bbox 506 658 720 708; x_wconf 80' lang='lat' dir='ltr'><strong>expreffum</strong></span> <span class='ocrx_word' id='word_1_56' title='bbox 747 660 794 699; x_wconf 83' lang='lat' dir='ltr'><strong>ab</strong></span> <span class='ocrx_word' id='word_1_57' title='bbox 812 658 1022 701; x_wconf 77' lang='lat' dir='ltr'><strong>Ar=stotelis</strong></span> <span class='ocrx_word' id='word_1_58' title='bbox 1038 660 1192 708; x_wconf 87' lang='lat' dir='ltr'>poetica</span> <span class='ocrx_word' id='word_1_59' title='bbox 1213 658 1367 699; x_wconf 78' lang='lat' dir='ltr'>Horatii</span> <span class='ocrx_word' id='word_1_60' title='bbox 1388 671 1488 708; x_wconf 87' lang='lat' dir='ltr'>poe-</span> 
     </span>
     <span class='ocr_line' id='line_1_10' title="bbox 371 712 1487 764; baseline -0.001 -11"><span class='ocrx_word' id='word_1_61' title='bbox 371 713 468 753; x_wconf 82' lang='lat' dir='ltr'><strong>tices</strong></span> <span class='ocrx_word' id='word_1_62' title='bbox 493 713 681 752; x_wconf 84' lang='lat' dir='ltr'>ordinem.</span> <span class='ocrx_word' id='word_1_63' title='bbox 703 712 818 764; x_wconf 89' lang='lat' dir='ltr'>Quos</span> <span class='ocrx_word' id='word_1_64' title='bbox 841 725 930 751; x_wconf 88' lang='lat' dir='ltr'>vero</span> <span class='ocrx_word' id='word_1_65' title='bbox 953 712 1180 752; x_wconf 87' lang='lat' dir='ltr'><strong>interscribit</strong></span> <span class='ocrx_word' id='word_1_66' title='bbox 1211 712 1487 763; x_wconf 85' lang='lat' dir='ltr'><strong>particularum</strong></span> 
     </span>
     <span class='ocr_line' id='line_1_11' title="bbox 371 766 1488 817; baseline 0.002 -11"><span class='ocrx_word' id='word_1_67' title='bbox 371 778 578 814; x_wconf 84' lang='lat' dir='ltr'>numeros,</span> <span class='ocrx_word' id='word_1_68' title='bbox 608 766 883 807; x_wconf 82' lang='lat' dir='ltr'><strong>Aristotelieam</strong></span> <span class='ocrx_word' id='word_1_69' title='bbox 913 768 952 806; x_wconf 87' lang='lat' dir='ltr'><strong>in</strong></span> <span class='ocrx_word' id='word_1_70' title='bbox 981 780 1046 806; x_wconf 92' lang='lat' dir='ltr'><strong>eos</strong></span> <span class='ocrx_word' id='word_1_71' title='bbox 1079 767 1257 817; x_wconf 86' lang='lat' dir='ltr'>poeticen</span> <span class='ocrx_word' id='word_1_72' title='bbox 1285 766 1488 817; x_wconf 63' lang='lat' dir='ltr'>prudentia</span> 
     </span>
     <span class='ocr_line' id='line_1_12' title="bbox 371 819 1490 872; baseline -0.004 -9"><span class='ocrx_word' id='word_1_73' title='bbox 371 820 498 863; x_wconf 85' lang='lat' dir='ltr'><strong>Madii</strong></span> <span class='ocrx_word' id='word_1_74' title='bbox 516 821 734 872; x_wconf 82' lang='lat' dir='ltr'>dispositam</span> <span class='ocrx_word' id='word_1_75' title='bbox 755 821 868 862; x_wconf 87' lang='lat' dir='ltr'>secat.</span> <span class='ocrx_word' id='word_1_76' title='bbox 884 821 1008 872; x_wconf 89' lang='lat' dir='ltr'><strong>Typis</strong></span> <span class='ocrx_word' id='word_1_77' title='bbox 1031 821 1184 861; x_wconf 85' lang='lat' dir='ltr'><strong>Comini</strong></span> <span class='ocrx_word' id='word_1_78' title='bbox 1209 821 1381 861; x_wconf 84' lang='lat' dir='ltr'>Venturi.</span> <span class='ocrx_word' id='word_1_79' title='bbox 1398 819 1490 861; x_wconf 79' lang='lat' dir='ltr'>Ber-</span> 
     </span>
     <span class='ocr_line' id='line_1_13' title="bbox 372 889 557 927; baseline 0 -12"><span class='ocrx_word' id='word_1_80' title='bbox 372 889 492 927; x_wconf 81' lang='lat' dir='ltr'><strong>gomi.</strong></span> <span class='ocrx_word' id='word_1_81' title='bbox 520 892 557 925; x_wconf 86' lang='lat'><strong>4.</strong></span> 
     </span>
    </p>

    <p class='ocr_par' dir='ltr' id='par_1_6' title="bbox 207 928 1487 1090">
     <span class='ocr_line' id='line_1_14' title="bbox 207 928 1487 971; baseline 0.004 -5"><span class='ocrx_word' id='word_1_82' title='bbox 207 931 620 970; x_wconf 79' lang='lat' dir='ltr'><strong>..---Lambiniana.</strong></span> <span class='ocrx_word' id='word_1_83' title='bbox 639 929 790 970; x_wconf 83' lang='lat' dir='ltr'><strong>Additae</strong></span> <span class='ocrx_word' id='word_1_84' title='bbox 813 928 897 969; x_wconf 88' lang='lat' dir='ltr'>sunt</span> <span class='ocrx_word' id='word_1_85' title='bbox 923 929 970 970; x_wconf 89' lang='lat' dir='ltr'><strong>H.</strong></span> <span class='ocrx_word' id='word_1_86' title='bbox 997 930 1057 969; x_wconf 83' lang='lat' dir='ltr'><strong>Ste</strong></span> <span class='ocrx_word' id='word_1_87' title='bbox 1082 929 1166 970; x_wconf 79' lang='lat' dir='ltr'><strong>ham·</strong></span> <span class='ocrx_word' id='word_1_88' title='bbox 1192 929 1386 969; x_wconf 87' lang='lat' dir='ltr'><strong>Diatribae.</strong></span> <span class='ocrx_word' id='word_1_89' title='bbox 1414 928 1487 971; x_wconf 78' lang='lat' dir='ltr'><strong>Ex-</strong></span> 
     </span>
     <span class='ocr_line' id='line_1_15' title="bbox 372 982 1295 1032; baseline 0 -10"><span class='ocrx_word' id='word_1_90' title='bbox 372 986 458 1023; x_wconf 91' lang='lat' dir='ltr'><strong>cud.</strong></span> <span class='ocrx_word' id='word_1_91' title='bbox 475 984 601 1023; x_wconf 84' lang='lat' dir='ltr'>Petrus</span> <span class='ocrx_word' id='word_1_92' title='bbox 626 985 674 1023; x_wconf 91' lang='lat' dir='ltr'><strong>de</strong></span> <span class='ocrx_word' id='word_1_93' title='bbox 693 984 726 1022; x_wconf 86' lang='lat' dir='ltr'><strong>la</strong></span> <span class='ocrx_word' id='word_1_94' title='bbox 743 985 917 1024; x_wconf 84' lang='lat' dir='ltr'><strong>Roviere.</strong></span> <span class='ocrx_word' id='word_1_95' title='bbox 945 986 1042 1024; x_wconf 84' lang='lat' dir='ltr'>Aure</span> <span class='ocrx_word' id='word_1_96' title='bbox 1061 1015 1067 1022; x_wconf 93' lang='lat'><strong>.</strong></span> <span class='ocrx_word' id='word_1_97' title='bbox 1095 982 1238 1024; x_wconf 81' lang='lat' dir='ltr'><strong>Allobr.</strong></span> <span class='ocrx_word' id='word_1_98' title='bbox 1260 999 1295 1032; x_wconf 84' lang='lat'><strong>4.</strong></span> 
     </span>
     <span class='ocr_line' id='line_1_16' title="bbox 209 1036 1487 1090; baseline 0 -12"><span class='ocrx_word' id='word_1_99' title='bbox 209 1039 424 1089; x_wconf 78' lang='lat' dir='ltr'>--—Q</span> <span class='ocrx_word' id='word_1_100' title='bbox 441 1039 491 1079; x_wconf 89' lang='lat' dir='ltr'><strong>H.</strong></span> <span class='ocrx_word' id='word_1_101' title='bbox 507 1038 548 1079; x_wconf 90' lang='lat' dir='ltr'><strong>F.</strong></span> <span class='ocrx_word' id='word_1_102' title='bbox 565 1039 766 1087; x_wconf 65' lang='lat' dir='ltr'>poemata,</span> <span class='ocrx_word' id='word_1_103' title='bbox 790 1037 969 1078; x_wconf 82' lang='lat' dir='ltr'>illustrata</span> <span class='ocrx_word' id='word_1_104' title='bbox 989 1051 1092 1088; x_wconf 82' lang='lat' dir='ltr'><strong>argg.</strong></span> <span class='ocrx_word' id='word_1_105' title='bbox 1112 1039 1146 1078; x_wconf 72' lang='grc' dir='ltr'><strong>ἃ</strong></span> <span class='ocrx_word' id='word_1_106' title='bbox 1171 1038 1321 1090; x_wconf 79' lang='lat' dir='ltr'><strong>castigg.</strong></span> <span class='ocrx_word' id='word_1_107' title='bbox 1347 1036 1487 1089; x_wconf 81' lang='lat' dir='ltr'>Georg-</span> 
     </span>
    </p>

    <p class='ocr_par' dir='ltr' id='par_1_7' title="bbox 373 1091 1182 1143">
     <span class='ocr_line' id='line_1_17' title="bbox 373 1091 1182 1143; baseline -0.001 -10"><span class='ocrx_word' id='word_1_108' title='bbox 373 1094 539 1133; x_wconf 78' lang='lat' dir='ltr'><strong>Fabrtcii.</strong></span> <span class='ocrx_word' id='word_1_109' title='bbox 561 1093 683 1143; x_wconf 82' lang='lat' dir='ltr'><strong>Typis</strong></span> <span class='ocrx_word' id='word_1_110' title='bbox 707 1093 995 1142; x_wconf 79' lang='lat' dir='ltr'><strong>Voegelinianis.</strong></span> <span class='ocrx_word' id='word_1_111' title='bbox 1019 1091 1122 1142; x_wconf 84' lang='lat' dir='ltr'><strong>Lips.</strong></span> <span class='ocrx_word' id='word_1_112' title='bbox 1148 1091 1182 1132; x_wconf 92' lang='lat'><strong>8.</strong></span> 
     </span>
    </p>

    <p class='ocr_par' dir='ltr' id='par_1_8' title="bbox 209 1145 1486 1252">
     <span class='ocr_line' id='line_1_18' title="bbox 209 1145 1486 1199; baseline -0.003 -11"><span class='ocrx_word' id='word_1_113' title='bbox 209 1147 472 1188; x_wconf 80' lang='lat' dir='ltr'>——Odae</span> <span class='ocrx_word' id='word_1_114' title='bbox 495 1148 534 1185; x_wconf 88' lang='lat' dir='ltr'><strong>in</strong></span> <span class='ocrx_word' id='word_1_115' title='bbox 561 1146 669 1186; x_wconf 79' lang='lat' dir='ltr'>locos</span> <span class='ocrx_word' id='word_1_116' title='bbox 688 1159 915 1186; x_wconf 83' lang='lat' dir='ltr'>communes</span> <span class='ocrx_word' id='word_1_117' title='bbox 938 1145 1088 1197; x_wconf 86' lang='lat' dir='ltr'>digestae</span> <span class='ocrx_word' id='word_1_118' title='bbox 1114 1145 1237 1187; x_wconf 83' lang='lat' dir='ltr'>studio</span> <span class='ocrx_word' id='word_1_119' title='bbox 1258 1145 1331 1194; x_wconf 87' lang='lat' dir='ltr'><strong>Jos</strong></span> <span class='ocrx_word' id='word_1_120' title='bbox 1355 1145 1486 1199; x_wconf 74' lang='lat' dir='ltr'><strong>langii</strong></span> 
     </span>
     <span class='ocr_line' id='line_1_19' title="bbox 374 1199 1413 1252; baseline 0 -11"><span class='ocrx_word' id='word_1_121' title='bbox 374 1201 732 1241; x_wconf 77' lang='lat' dir='ltr'><strong>Caesareomontani.</strong></span> <span class='ocrx_word' id='word_1_122' title='bbox 757 1201 879 1252; x_wconf 87' lang='lat' dir='ltr'><strong>Typis</strong></span> <span class='ocrx_word' id='word_1_123' title='bbox 897 1199 1178 1240; x_wconf 81' lang='lat' dir='ltr'><strong>Wechelianis.</strong></span> <span class='ocrx_word' id='word_1_124' title='bbox 1201 1200 1350 1240; x_wconf 88' lang='lat' dir='ltr'><strong>Hanov.</strong></span> <span class='ocrx_word' id='word_1_125' title='bbox 1375 1199 1413 1241; x_wconf 90' lang='lat'><strong>8.</strong></span> 
     </span>
    </p>

    <p class='ocr_par' dir='ltr' id='par_1_9' title="bbox 210 1253 1483 1351">
     <span class='ocr_line' id='line_1_20' title="bbox 210 1253 1483 1308; baseline -0.001 -13"><span class='ocrx_word' id='word_1_126' title='bbox 210 1254 490 1305; x_wconf 79' lang='lat' dir='ltr'>——Odae,</span> <span class='ocrx_word' id='word_1_127' title='bbox 504 1257 543 1294; x_wconf 92' lang='lat' dir='ltr'><strong>in</strong></span> <span class='ocrx_word' id='word_1_128' title='bbox 558 1255 664 1295; x_wconf 86' lang='lat' dir='ltr'><strong>locos</strong></span> <span class='ocrx_word' id='word_1_129' title='bbox 680 1267 907 1295; x_wconf 90' lang='lat' dir='ltr'>communes</span> <span class='ocrx_word' id='word_1_130' title='bbox 921 1255 1083 1308; x_wconf 81' lang='lat' dir='ltr'><strong>digestae.</strong></span> <span class='ocrx_word' id='word_1_131' title='bbox 1098 1255 1237 1295; x_wconf 86' lang='lat' dir='ltr'><strong>Studio</strong></span> <span class='ocrx_word' id='word_1_132' title='bbox 1251 1253 1326 1303; x_wconf 88' lang='lat' dir='ltr'><strong>Jos.</strong></span> <span class='ocrx_word' id='word_1_133' title='bbox 1340 1254 1483 1307; x_wconf 75' lang='lat' dir='ltr'><strong>Langii.</strong></span> 
     </span>
     <span class='ocr_line' id='line_1_21' title="bbox 374 1310 587 1351; baseline -0.005 0"><span class='ocrx_word' id='word_1_134' title='bbox 374 1310 429 1351; x_wconf 91' lang='lat' dir='ltr'><strong>Lu</strong></span> <span class='ocrx_word' id='word_1_135' title='bbox 459 1311 496 1350; x_wconf 91' lang='lat' dir='ltr'><strong>d.</strong></span> <span class='ocrx_word' id='word_1_136' title='bbox 528 1324 587 1350; x_wconf 87' lang='lat'><strong>12.</strong></span> 
     </span>
    </p>

    <p class='ocr_par' dir='ltr' id='par_1_10' title="bbox 209 1324 1488 1415">
     <span class='ocr_line' id='line_1_22' title="bbox 209 1324 1488 1415; baseline 0.003 -15"><span class='ocrx_word' id='word_1_137' title='bbox 209 1324 525 1415; x_wconf 70' lang='lat' dir='ltr'><strong>-Opgera‚</strong></span> <span class='ocrx_word' id='word_1_138' title='bbox 537 1377 625 1410; x_wconf 87' lang='lat' dir='ltr'><strong>cum</strong></span> <span class='ocrx_word' id='word_1_139' title='bbox 650 1364 757 1403; x_wconf 90' lang='lat' dir='ltr'><strong>novis</strong></span> <span class='ocrx_word' id='word_1_140' title='bbox 772 1376 874 1415; x_wconf 78' lang='lat' dir='ltr'><strong>argg.</strong></span> <span class='ocrx_word' id='word_1_141' title='bbox 887 1363 943 1405; x_wconf 87' lang='lat' dir='ltr'><strong>Ex</strong></span> <span class='ocrx_word' id='word_1_142' title='bbox 961 1362 1057 1403; x_wconf 83' lang='lat' dir='ltr'><strong>offic.</strong></span> <span class='ocrx_word' id='word_1_143' title='bbox 1076 1361 1234 1402; x_wconf 83' lang='lat' dir='ltr'><strong>Plantin.</strong></span> <span class='ocrx_word' id='word_1_144' title='bbox 1249 1361 1414 1414; x_wconf 86' lang='lat' dir='ltr'><strong>Raphel.</strong></span> <span class='ocrx_word' id='word_1_145' title='bbox 1427 1377 1488 1404; x_wconf 88' lang='lat'><strong>12.</strong></span> 
     </span>
    </p>

    <p class='ocr_par' dir='ltr' id='par_1_11' title="bbox 375 1414 1352 1468">
     <span class='ocr_line' id='line_1_23' title="bbox 375 1414 1352 1468; baseline -0.003 -9"><span class='ocrx_word' id='word_1_146' title='bbox 375 1418 423 1468; x_wconf 79' lang='lat' dir='ltr'>Q</span> <span class='ocrx_word' id='word_1_147' title='bbox 444 1419 491 1459; x_wconf 83' lang='lat' dir='ltr'><strong>H.</strong></span> <span class='ocrx_word' id='word_1_148' title='bbox 505 1418 547 1460; x_wconf 89' lang='lat' dir='ltr'><strong>F.</strong></span> <span class='ocrx_word' id='word_1_149' title='bbox 562 1418 763 1466; x_wconf 84' lang='lat' dir='ltr'>Poemata;</span> <span class='ocrx_word' id='word_1_150' title='bbox 787 1431 872 1458; x_wconf 88' lang='lat' dir='ltr'><strong>cum</strong></span> <span class='ocrx_word' id='word_1_151' title='bbox 893 1416 1082 1467; x_wconf 88' lang='lat' dir='ltr'><strong>Juvenali.</strong></span> <span class='ocrx_word' id='word_1_152' title='bbox 1106 1414 1306 1462; x_wconf 63' lang='lat' dir='ltr'><strong>Londin.]</strong></span> <span class='ocrx_word' id='word_1_153' title='bbox 1317 1432 1352 1456; x_wconf 65' lang='grc' dir='ltr'><strong>ι.</strong></span> 
     </span>
    </p>

    <p class='ocr_par' dir='ltr' id='par_1_12' title="bbox 215 1469 1486 1568">
     <span class='ocr_line' id='line_1_24' title="bbox 215 1469 1486 1528; baseline -0.002 -13"><span class='ocrx_word' id='word_1_154' title='bbox 215 1475 315 1528; x_wconf 82' lang='lat'>1605</span> <span class='ocrx_word' id='word_1_155' title='bbox 375 1472 651 1521; x_wconf 60' lang='lat' dir='ltr'><strong>Lambiniana,</strong></span> <span class='ocrx_word' id='word_1_156' title='bbox 679 1485 766 1512; x_wconf 90' lang='lat' dir='ltr'><strong>cum</strong></span> <span class='ocrx_word' id='word_1_157' title='bbox 791 1485 931 1521; x_wconf 76' lang='lat' dir='ltr'><strong>cqmm.</strong></span> <span class='ocrx_word' id='word_1_158' title='bbox 957 1469 1126 1512; x_wconf 85' lang='lat' dir='ltr'>Turnebi</span> <span class='ocrx_word' id='word_1_159' title='bbox 1148 1472 1182 1511; x_wconf 75' lang='grc' dir='ltr'><strong>ἃ</strong></span> <span class='ocrx_word' id='word_1_160' title='bbox 1205 1469 1396 1520; x_wconf 78' lang='lat' dir='ltr'><strong>marcilii,</strong></span> <span class='ocrx_word' id='word_1_161' title='bbox 1421 1483 1486 1523; x_wconf 83' lang='lat' dir='ltr'><strong>ap.</strong></span> 
     </span>
     <span class='ocr_line' id='line_1_25' title="bbox 374 1524 955 1568; baseline -0.007 0"><span class='ocrx_word' id='word_1_162' title='bbox 374 1526 504 1568; x_wconf 87' lang='lat' dir='ltr'><strong>Barth.</strong></span> <span class='ocrx_word' id='word_1_163' title='bbox 530 1527 717 1568; x_wconf 86' lang='lat' dir='ltr'>Macaeum</span> <span class='ocrx_word' id='word_1_164' title='bbox 756 1525 863 1567; x_wconf 79' lang='lat' dir='ltr'><strong>Paris.</strong></span> <span class='ocrx_word' id='word_1_165' title='bbox 889 1524 955 1565; x_wconf 89' lang='lat' dir='ltr'><strong>fol.</strong></span> 
     </span>
    </p>

    <p class='ocr_par' dir='ltr' id='par_1_13' title="bbox 209 1577 1485 1738">
     <span class='ocr_line' id='line_1_26' title="bbox 209 1577 1484 1631; baseline -0.005 -9"><span class='ocrx_word' id='word_1_166' title='bbox 209 1581 622 1622; x_wconf 82' lang='lat' dir='ltr'><strong>---Lambiniana</strong></span> <span class='ocrx_word' id='word_1_167' title='bbox 639 1581 712 1629; x_wconf 85' lang='lat' dir='ltr'><strong>vl,</strong></span> <span class='ocrx_word' id='word_1_168' title='bbox 736 1582 772 1622; x_wconf 74' lang='grc' dir='ltr'><strong>δι</strong></span> <span class='ocrx_word' id='word_1_169' title='bbox 793 1580 892 1631; x_wconf 89' lang='lat' dir='ltr'>postr</span> <span class='ocrx_word' id='word_1_170' title='bbox 926 1579 1058 1619; x_wconf 88' lang='lat' dir='ltr'><strong>editio.</strong></span> <span class='ocrx_word' id='word_1_171' title='bbox 1083 1578 1232 1621; x_wconf 84' lang='lat' dir='ltr'><strong>Additae</strong></span> <span class='ocrx_word' id='word_1_172' title='bbox 1258 1577 1344 1618; x_wconf 90' lang='lat' dir='ltr'>sunt</span> <span class='ocrx_word' id='word_1_173' title='bbox 1360 1579 1484 1621; x_wconf 82' lang='lat' dir='ltr'><strong>Henr.</strong></span> 
     </span>
     <span class='ocr_line' id='line_1_27' title="bbox 372 1633 1485 1685; baseline 0 -11"><span class='ocrx_word' id='word_1_174' title='bbox 372 1636 559 1685; x_wconf 85' lang='lat' dir='ltr'>Stephani</span> <span class='ocrx_word' id='word_1_175' title='bbox 596 1635 780 1675; x_wconf 88' lang='lat' dir='ltr'><strong>diatribae.</strong></span> <span class='ocrx_word' id='word_1_176' title='bbox 824 1634 972 1676; x_wconf 88' lang='lat' dir='ltr'><strong>Excud.</strong></span> <span class='ocrx_word' id='word_1_177' title='bbox 999 1634 1128 1674; x_wconf 85' lang='lat' dir='ltr'>Petrus</span> <span class='ocrx_word' id='word_1_178' title='bbox 1160 1634 1209 1673; x_wconf 91' lang='lat' dir='ltr'><strong>de</strong></span> <span class='ocrx_word' id='word_1_179' title='bbox 1237 1633 1273 1673; x_wconf 84' lang='lat' dir='ltr'><strong>la</strong></span> <span class='ocrx_word' id='word_1_180' title='bbox 1304 1633 1485 1678; x_wconf 72' lang='lat' dir='ltr'><strong>Rovierc.</strong></span> 
     </span>
     <span class='ocr_line' id='line_1_28' title="bbox 375 1689 1009 1738; baseline -0.005 -8"><span class='ocrx_word' id='word_1_181' title='bbox 375 1689 499 1731; x_wconf 77' lang='lat' dir='ltr'><strong>Aurei.</strong></span> <span class='ocrx_word' id='word_1_182' title='bbox 517 1689 649 1729; x_wconf 86' lang='lat' dir='ltr'>Allobr</span> <span class='ocrx_word' id='word_1_183' title='bbox 682 1703 719 1738; x_wconf 88' lang='lat'><strong>4.</strong></span> <span class='ocrx_word' id='word_1_184' title='bbox 1007 1695 1009 1697; x_wconf 83' lang='lat'>&#39;</span> 
     </span>
    </p>

    <p class='ocr_par' dir='ltr' id='par_1_14' title="bbox 210 1740 1482 1893">
     <span class='ocr_line' id='line_1_29' title="bbox 210 1740 1480 1794; baseline -0.001 -11"><span class='ocrx_word' id='word_1_185' title='bbox 210 1743 577 1785; x_wconf 48' lang='lat' dir='ltr'><strong>w-Heinfiana</strong></span> <span class='ocrx_word' id='word_1_186' title='bbox 593 1744 619 1784; x_wconf 94' lang='lat' dir='ltr'><strong>l.</strong></span> <span class='ocrx_word' id='word_1_187' title='bbox 635 1742 763 1794; x_wconf 83' lang='lat' dir='ltr'>Opera</span> <span class='ocrx_word' id='word_1_188' title='bbox 775 1755 863 1783; x_wconf 87' lang='lat' dir='ltr'><strong>cum</strong></span> <span class='ocrx_word' id='word_1_189' title='bbox 878 1754 1019 1783; x_wconf 82' lang='lat' dir='ltr'><strong>comm.</strong></span> <span class='ocrx_word' id='word_1_190' title='bbox 1036 1741 1133 1782; x_wconf 88' lang='lat' dir='ltr'><strong>Dan.</strong></span> <span class='ocrx_word' id='word_1_191' title='bbox 1147 1741 1293 1792; x_wconf 77' lang='lat' dir='ltr'><strong>Heirfii.</strong></span> <span class='ocrx_word' id='word_1_192' title='bbox 1307 1740 1363 1783; x_wconf 85' lang='lat' dir='ltr'><strong>Ex</strong></span> <span class='ocrx_word' id='word_1_193' title='bbox 1377 1742 1480 1784; x_wconf 85' lang='lat' dir='ltr'><strong>offic.</strong></span> 
     </span>
     <span class='ocr_line' id='line_1_30' title="bbox 374 1795 1482 1851; baseline -0.002 -12"><span class='ocrx_word' id='word_1_194' title='bbox 374 1798 534 1840; x_wconf 86' lang='lat' dir='ltr'><strong>Plantin.</strong></span> <span class='ocrx_word' id='word_1_195' title='bbox 550 1811 611 1848; x_wconf 88' lang='lat' dir='ltr'><strong>ap.</strong></span> <span class='ocrx_word' id='word_1_196' title='bbox 626 1797 947 1847; x_wconf 78' lang='lat' dir='ltr'><strong>Raphelengium.</strong></span> <span class='ocrx_word' id='word_1_197' title='bbox 964 1796 1000 1837; x_wconf 89' lang='lat'><strong>8.</strong></span> <span class='ocrx_word' id='word_1_198' title='bbox 1024 1795 1194 1845; x_wconf 81' lang='lat' dir='ltr'>Praeceps</span> <span class='ocrx_word' id='word_1_199' title='bbox 1218 1796 1376 1851; x_wconf 75' lang='lat' dir='ltr'><strong>ingenio</strong></span> <span class='ocrx_word' id='word_1_200' title='bbox 1399 1806 1482 1837; x_wconf 84' lang='lat' dir='ltr'>ten·</span> 
     </span>
     <span class='ocr_line' id='line_1_31' title="bbox 373 1851 1215 1893; baseline -0.002 -2"><span class='ocrx_word' id='word_1_201' title='bbox 373 1861 475 1892; x_wconf 88' lang='lat' dir='ltr'>tator</span> <span class='ocrx_word' id='word_1_202' title='bbox 495 1852 617 1893; x_wconf 82' lang='lat' dir='ltr'>Musae</span> <span class='ocrx_word' id='word_1_203' title='bbox 643 1853 859 1892; x_wconf 78' lang='lat' dir='ltr'><strong>Horatiana:</strong></span> <span class='ocrx_word' id='word_1_204' title='bbox 882 1851 1035 1891; x_wconf 79' lang='lat' dir='ltr'><strong>affeclas</strong></span> <span class='ocrx_word' id='word_1_205' title='bbox 1058 1851 1215 1889; x_wconf 84' lang='lat' dir='ltr'><strong>invenit.</strong></span> 
     </span>
    </p>

    <p class='ocr_par' dir='ltr' id='par_1_15' title="bbox 207 1903 1483 1958">
     <span class='ocr_line' id='line_1_32' title="bbox 207 1903 1483 1958; baseline 0.002 -15"><span class='ocrx_word' id='word_1_206' title='bbox 207 1907 476 1957; x_wconf 83' lang='lat' dir='ltr'><strong>--——Opp.</strong></span> <span class='ocrx_word' id='word_1_207' title='bbox 486 1919 574 1946; x_wconf 89' lang='lat' dir='ltr'><strong>cum</strong></span> <span class='ocrx_word' id='word_1_208' title='bbox 590 1906 743 1958; x_wconf 87' lang='lat' dir='ltr'><strong>castigg.</strong></span> <span class='ocrx_word' id='word_1_209' title='bbox 755 1907 798 1946; x_wconf 93' lang='lat' dir='ltr'><strong>G.</strong></span> <span class='ocrx_word' id='word_1_210' title='bbox 813 1905 986 1946; x_wconf 83' lang='lat' dir='ltr'><strong>Fabricii.</strong></span> <span class='ocrx_word' id='word_1_211' title='bbox 997 1903 1096 1955; x_wconf 82' lang='lat' dir='ltr'><strong>Lips.</strong></span> <span class='ocrx_word' id='word_1_212' title='bbox 1110 1904 1231 1956; x_wconf 69' lang='lat' dir='ltr'><strong>Typis</strong></span> <span class='ocrx_word' id='word_1_213' title='bbox 1241 1904 1430 1957; x_wconf 83' lang='lat' dir='ltr'><strong>Voegelin.</strong></span> <span class='ocrx_word' id='word_1_214' title='bbox 1443 1904 1483 1946; x_wconf 89' lang='lat'><strong>8.</strong></span> 
     </span>
    </p>

    <p class='ocr_par' dir='ltr' id='par_1_16' title="bbox 374 1957 1482 2011">
     <span class='ocr_line' id='line_1_33' title="bbox 374 1957 1482 2011; baseline 0 -9"><span class='ocrx_word' id='word_1_215' title='bbox 374 1962 471 2002; x_wconf 86' lang='lat' dir='ltr'><strong>Odae</strong></span> <span class='ocrx_word' id='word_1_216' title='bbox 494 1963 534 2002; x_wconf 89' lang='lat' dir='ltr'><strong>in</strong></span> <span class='ocrx_word' id='word_1_217' title='bbox 556 1961 664 2001; x_wconf 88' lang='lat' dir='ltr'><strong>locos</strong></span> <span class='ocrx_word' id='word_1_218' title='bbox 684 1973 909 2000; x_wconf 89' lang='lat' dir='ltr'>communes</span> <span class='ocrx_word' id='word_1_219' title='bbox 923 1961 1076 2011; x_wconf 79' lang='lat' dir='ltr'><strong>digestae</strong></span> <span class='ocrx_word' id='word_1_220' title='bbox 1097 1958 1221 1999; x_wconf 88' lang='lat' dir='ltr'>studio</span> <span class='ocrx_word' id='word_1_221' title='bbox 1239 1957 1315 2008; x_wconf 88' lang='lat' dir='ltr'><strong>Jos.</strong></span> <span class='ocrx_word' id='word_1_222' title='bbox 1336 1959 1482 2010; x_wconf 76' lang='lat' dir='ltr'><strong>Langii.</strong></span> 
     </span>
    </p>

    <p class='ocr_par' dir='ltr' id='par_1_17' title="bbox 373 2015 583 2065">
     <span class='ocr_line' id='line_1_34' title="bbox 373 2015 583 2065; baseline -0.005 -8"><span class='ocrx_word' id='word_1_223' title='bbox 373 2015 483 2065; x_wconf 82' lang='lat' dir='ltr'>Lugd</span> <span class='ocrx_word' id='word_1_224' title='bbox 524 2029 583 2056; x_wconf 92' lang='lat'><strong>12.</strong></span> 
     </span>
    </p>

    <p class='ocr_par' dir='ltr' id='par_1_18' title="bbox 206 2065 1483 2120">
     <span class='ocr_line' id='line_1_35' title="bbox 206 2065 1483 2120; baseline -0.005 -8"><span class='ocrx_word' id='word_1_225' title='bbox 206 2071 424 2120; x_wconf 71' lang='lat' dir='ltr'><strong>——Q</strong></span> <span class='ocrx_word' id='word_1_226' title='bbox 452 2070 502 2111; x_wconf 91' lang='lat' dir='ltr'><strong>H.</strong></span> <span class='ocrx_word' id='word_1_227' title='bbox 528 2069 568 2110; x_wconf 90' lang='lat' dir='ltr'><strong>F.</strong></span> <span class='ocrx_word' id='word_1_228' title='bbox 597 2069 645 2109; x_wconf 89' lang='lat' dir='ltr'><strong>ab</strong></span> <span class='ocrx_word' id='word_1_229' title='bbox 664 2067 918 2109; x_wconf 89' lang='lat' dir='ltr'>obscoenitate</span> <span class='ocrx_word' id='word_1_230' title='bbox 940 2075 1132 2119; x_wconf 85' lang='lat' dir='ltr'><strong>purgatus.</strong></span> <span class='ocrx_word' id='word_1_231' title='bbox 1153 2065 1265 2109; x_wconf 82' lang='lat' dir='ltr'><strong>Paris.</strong></span> <span class='ocrx_word' id='word_1_232' title='bbox 1297 2078 1358 2118; x_wconf 85' lang='lat' dir='ltr'><strong>ap.</strong></span> <span class='ocrx_word' id='word_1_233' title='bbox 1385 2067 1483 2108; x_wconf 85' lang='lat' dir='ltr'><strong>son.</strong></span> 
     </span>
    </p>

    <p class='ocr_par' dir='ltr' id='par_1_19' title="bbox 371 2137 574 2164">
     <span class='ocr_line' id='line_1_36' title="bbox 371 2137 574 2164; baseline 0 -2"><span class='ocrx_word' id='word_1_234' title='bbox 371 2137 492 2164; x_wconf 87' lang='lat' dir='ltr'><strong>mum.</strong></span> <span class='ocrx_word' id='word_1_235' title='bbox 516 2139 574 2164; x_wconf 90' lang='lat'><strong>12.</strong></span> 
     </span>
    </p>

    <p class='ocr_par' dir='ltr' id='par_1_20' title="bbox 372 2173 1480 2227">
     <span class='ocr_line' id='line_1_37' title="bbox 372 2173 1480 2227; baseline -0.005 -8"><span class='ocrx_word' id='word_1_236' title='bbox 372 2178 560 2219; x_wconf 70' lang='lat' dir='ltr'><strong>poemata.</strong></span> <span class='ocrx_word' id='word_1_237' title='bbox 589 2177 766 2218; x_wconf 86' lang='lat' dir='ltr'><strong>Francof.</strong></span> <span class='ocrx_word' id='word_1_238' title='bbox 793 2177 842 2217; x_wconf 89' lang='lat' dir='ltr'><strong>ad</strong></span> <span class='ocrx_word' id='word_1_239' title='bbox 866 2176 922 2219; x_wconf 87' lang='grc' dir='ltr'><strong>Μ.</strong></span> <span class='ocrx_word' id='word_1_240' title='bbox 944 2175 1122 2227; x_wconf 80' lang='lat' dir='ltr'><strong>impensis</strong></span> <span class='ocrx_word' id='word_1_241' title='bbox 1143 2174 1205 2224; x_wconf 88' lang='lat' dir='ltr'><strong>Jo.</strong></span> <span class='ocrx_word' id='word_1_242' title='bbox 1226 2173 1480 2224; x_wconf 78' lang='lat' dir='ltr'><strong>Hartmanni,</strong></span> 
     </span>
    </p>

    <p class='ocr_par' dir='ltr' id='par_1_21' title="bbox 279 2231 764 2287">
     <span class='ocr_line' id='line_1_38' title="bbox 279 2231 764 2287; baseline -0.002 -15"><span class='ocrx_word' id='word_1_243' title='bbox 279 2272 285 2287; x_wconf 52' lang='grc' dir='ltr'><strong><em>Ι</em></strong></span> <span class='ocrx_word' id='word_1_244' title='bbox 369 2233 471 2283; x_wconf 88' lang='lat' dir='ltr'><strong>typis</strong></span> <span class='ocrx_word' id='word_1_245' title='bbox 486 2232 668 2273; x_wconf 76' lang='lat' dir='ltr'><strong>Wechei.</strong></span> <span class='ocrx_word' id='word_1_246' title='bbox 689 2231 726 2271; x_wconf 94' lang='lat'><strong>8.</strong></span> <span class='ocrx_word' id='word_1_247' title='bbox 759 2254 764 2259; x_wconf 88' lang='lat'><em>-</em></span> 
     </span>
    </p>

    <p class='ocr_par' dir='ltr' id='par_1_22' title="bbox 211 2283 910 2337">
     <span class='ocr_line' id='line_1_39' title="bbox 211 2283 910 2337; baseline -0.003 -11"><span class='ocrx_word' id='word_1_248' title='bbox 211 2286 313 2327; x_wconf 80' lang='lat'>1606</span> <span class='ocrx_word' id='word_1_249' title='bbox 369 2287 471 2337; x_wconf 76' lang='lat' dir='ltr'><strong>opp.</strong></span> <span class='ocrx_word' id='word_1_250' title='bbox 493 2296 715 2337; x_wconf 77' lang='lat' dir='ltr'><strong>expurgata.</strong></span> <span class='ocrx_word' id='word_1_251' title='bbox 743 2283 851 2325; x_wconf 88' lang='lat' dir='ltr'><strong>Paris.</strong></span> <span class='ocrx_word' id='word_1_252' title='bbox 873 2283 910 2324; x_wconf 91' lang='lat'><strong>8.</strong></span> 
     </span>
    </p>

    <p class='ocr_par' dir='ltr' id='par_1_23' title="bbox 369 2335 1479 2389">
     <span class='ocr_line' id='line_1_40' title="bbox 369 2335 1479 2389; baseline -0.004 -8"><span class='ocrx_word' id='word_1_253' title='bbox 369 2339 510 2381; x_wconf 88' lang='lat' dir='ltr'><strong>Bondii</strong></span> <span class='ocrx_word' id='word_1_254' title='bbox 533 2340 560 2380; x_wconf 93' lang='lat' dir='ltr'><strong>l.</strong></span> <span class='ocrx_word' id='word_1_255' title='bbox 586 2339 635 2389; x_wconf 85' lang='lat' dir='ltr'><strong>Q.</strong></span> <span class='ocrx_word' id='word_1_256' title='bbox 658 2339 706 2380; x_wconf 90' lang='lat' dir='ltr'><strong>H.</strong></span> <span class='ocrx_word' id='word_1_257' title='bbox 729 2338 757 2379; x_wconf 93' lang='lat' dir='ltr'>F</span> <span class='ocrx_word' id='word_1_258' title='bbox 795 2351 883 2378; x_wconf 86' lang='lat' dir='ltr'><strong>cum</strong></span> <span class='ocrx_word' id='word_1_259' title='bbox 909 2337 1007 2377; x_wconf 85' lang='lat' dir='ltr'><strong>notis</strong></span> <span class='ocrx_word' id='word_1_260' title='bbox 1029 2338 1091 2386; x_wconf 88' lang='lat' dir='ltr'><strong>Jo.</strong></span> <span class='ocrx_word' id='word_1_261' title='bbox 1107 2338 1248 2379; x_wconf 70' lang='lat' dir='ltr'><strong>BonAEi.</strong></span> <span class='ocrx_word' id='word_1_262' title='bbox 1263 2336 1424 2379; x_wconf 90' lang='lat' dir='ltr'><strong>Londin.</strong></span> <span class='ocrx_word' id='word_1_263' title='bbox 1439 2335 1479 2377; x_wconf 91' lang='lat'><strong>8.</strong></span> 
     </span>
    </p>

    <p class='ocr_par' dir='ltr' id='par_1_24' title="bbox 368 2391 1475 2444">
     <span class='ocr_line' id='line_1_41' title="bbox 368 2391 1475 2444; baseline -0.004 -11"><span class='ocrx_word' id='word_1_264' title='bbox 368 2394 549 2444; x_wconf 85' lang='lat' dir='ltr'>Pleraque</span> <span class='ocrx_word' id='word_1_265' title='bbox 568 2394 598 2432; x_wconf 87' lang='lat' dir='ltr'><strong>is</strong></span> <span class='ocrx_word' id='word_1_266' title='bbox 616 2406 663 2433; x_wconf 80' lang='lat' dir='ltr'><strong>ex</strong></span> <span class='ocrx_word' id='word_1_267' title='bbox 679 2394 806 2433; x_wconf 83' lang='lat' dir='ltr'><strong>Lubini</strong></span> <span class='ocrx_word' id='word_1_268' title='bbox 832 2392 1046 2443; x_wconf 74' lang='lat' dir='ltr'>paraphrafi</span> <span class='ocrx_word' id='word_1_269' title='bbox 1072 2391 1219 2440; x_wconf 82' lang='lat' dir='ltr'>baufit;</span> <span class='ocrx_word' id='word_1_270' title='bbox 1246 2391 1475 2442; x_wconf 84' lang='lat' dir='ltr'><strong>inservitque</strong></span> 
     </span>
    </p>

    <p class='ocr_par' dir='ltr' id='par_1_25' title="bbox 368 2444 1479 2488">
     <span class='ocr_line' id='line_1_42' title="bbox 368 2444 1479 2488; baseline -0.003 -1"><span class='ocrx_word' id='word_1_271' title='bbox 368 2448 466 2487; x_wconf 88' lang='lat' dir='ltr'>bene</span> <span class='ocrx_word' id='word_1_272' title='bbox 485 2444 653 2487; x_wconf 77' lang='lat' dir='ltr'><strong>tironum</strong></span> <span class='ocrx_word' id='word_1_273' title='bbox 677 2447 818 2488; x_wconf 87' lang='lat' dir='ltr'><strong>studiis.</strong></span> <span class='ocrx_word' id='word_1_274' title='bbox 845 2447 958 2487; x_wconf 90' lang='lat' dir='ltr'>Unde</span> <span class='ocrx_word' id='word_1_275' title='bbox 982 2447 1044 2488; x_wconf 88' lang='lat' dir='ltr'><strong>ed.</strong></span> <span class='ocrx_word' id='word_1_276' title='bbox 1068 2445 1151 2487; x_wconf 87' lang='lat' dir='ltr'><strong>haec</strong></span> <span class='ocrx_word' id='word_1_277' title='bbox 1170 2445 1401 2488; x_wconf 68' lang='lat' dir='ltr'><strong>creberrime</strong></span> <span class='ocrx_word' id='word_1_278' title='bbox 1422 2456 1479 2484; x_wconf 82' lang='lat' dir='ltr'><strong>re-</strong></span> 
     </span>
    </p>

    <p class='ocr_par' dir='ltr' id='par_1_26' title="bbox 366 2502 576 2553">
     <span class='ocr_line' id='line_1_43' title="bbox 366 2502 576 2553; baseline -0.014 -10"><span class='ocrx_word' id='word_1_279' title='bbox 366 2504 487 2553; x_wconf 86' lang='lat' dir='ltr'>petita</span> <span class='ocrx_word' id='word_1_280' title='bbox 513 2502 576 2541; x_wconf 88' lang='lat' dir='ltr'><strong>est.</strong></span> 
     </span>
    </p>

    <p class='ocr_par' dir='ltr' id='par_1_27' title="bbox 204 2554 892 2599">
     <span class='ocr_line' id='line_1_44' title="bbox 204 2554 892 2599; baseline -0.006 1"><span class='ocrx_word' id='word_1_281' title='bbox 204 2556 515 2599; x_wconf 68' lang='lat' dir='ltr'>——Eadem</span> <span class='ocrx_word' id='word_1_282' title='bbox 535 2556 586 2599; x_wconf 89' lang='lat'><strong>11.</strong></span> <span class='ocrx_word' id='word_1_283' title='bbox 609 2554 802 2598; x_wconf 83' lang='lat' dir='ltr'><strong>Brunsvic.</strong></span> <span class='ocrx_word' id='word_1_284' title='bbox 831 2570 892 2596; x_wconf 81' lang='lat'><strong>1·2.</strong></span> 
     </span>
    </p>
   </div>
   <div class='ocr_carea' id='block_1_5' title="bbox 209 1443 374 1454">
    <p class='ocr_par' dir='ltr' id='par_1_28' title="bbox 209 1443 374 1454">
     <span class='ocr_line' id='line_1_45' title="bbox 209 1443 374 1454; baseline 0 1444"><span class='ocrx_word' id='word_1_285' title='bbox 209 1443 374 1454; x_wconf 95' lang='lat' dir='ltr'><strong> </strong></span> 
     </span>
    </p>
   </div>
   <div class='ocr_carea' id='block_1_6' title="bbox 206 1985 360 1996">
    <p class='ocr_par' dir='ltr' id='par_1_29' title="bbox 206 1985 360 1996">
     <span class='ocr_line' id='line_1_46' title="bbox 206 1985 360 1996; baseline 0 902"><span class='ocrx_word' id='word_1_286' title='bbox 206 1985 360 1996; x_wconf 95' lang='lat' dir='ltr'><strong> </strong></span> 
     </span>
    </p>
   </div>
   <div class='ocr_carea' id='block_1_7' title="bbox 206 2201 368 2212">
    <p class='ocr_par' dir='ltr' id='par_1_30' title="bbox 206 2201 368 2212">
     <span class='ocr_line' id='line_1_47' title="bbox 206 2201 368 2212; baseline 0 0"><span class='ocrx_word' id='word_1_287' title='bbox 206 2201 368 2212; x_wconf 95' lang='lat' dir='ltr'><strong> </strong></span> 
     </span>
    </p>
   </div>
   <div class='ocr_carea' id='block_1_8' title="bbox 204 2361 360 2373">
    <p class='ocr_par' dir='ltr' id='par_1_31' title="bbox 204 2361 360 2373">
     <span class='ocr_line' id='line_1_48' title="bbox 204 2361 360 2373; baseline 0 525"><span class='ocrx_word' id='word_1_288' title='bbox 204 2361 360 2373; x_wconf 95' lang='lat' dir='ltr'><strong> </strong></span> 
     </span>
    </p>
   </div>
  </div>
 </body>
</html>
