1592 2898
246 237 353 273 xv1
483 204 817 273 NOTITIA
866 223 1296 277 LJTERARJA

241 313 324 361 sed
350 330 451 361 non
486 317 549 361 est
584 315 792 373 Horatii,
825 331 915 363 net:
942 318 1129 365 alterius
1166 320 1332 366 veteris
1361 325 1533 383 poetae'

244 380 431 438 Latini,
458 392 513 426 ut
549 392 769 427 notatum
804 381 974 429 Carolo
999 383 1110 430 Dati
1139 384 1190 430 in
1220 385 1317 431 vita
1338 386 1517 448 Apellis

244 462 293 506 p.
319 459 424 500 107,
443 446 561 491 bibl.
579 445 834 506 Aprofiana
849 463 896 508 p.
917 462 972 504 27
979 463 1022 508 3.
1044 447 1331 496 Sermonum
1344 451 1516 508 libros5

244 511 430 558 Horatii
453 512 698 572 exemplo,
725 523 898 572 praeter
923 513 1036 559 alios
1061 514 1233 577 scripsit
1251 515 1348 561 Pet.
1367 516 1517 562 Scho-

245 576 401 633 lirius,
437 593 582 636 eques
609 576 651 621 8c
676 576 861 636 senator
878 577 1106 641 Antverp.
1132 596 1171 625 a.
1201 580 1285 642 163
1294 597 1319 639 5
1348 580 1518 627 defun-

246 639 348 688 &us
365 676 379 698 ‚
400 657 520 702 quos
545 639 891 688 commentariis
915 643 1056 690 etiam
1080 645 1319 692 illustravit
1346 645 1518 692 Alber-

242 718 319 754 tus
342 708 386 752 le
403 707 511 768 Roy
523 740 536 763 ,
562 716 575 738 ¹
603 707 810 755 Eremita
827 707 1188 773 Augustinianus
1201 745 1215 768 ‚
1232 710 1486 773 Herbipoli
1500 714 1532 769 ,’

246 773 336 818 168
343 789 366 833 3
385 806 397 829 ,
421 773 469 818 ’8.

311 839 396 884 Ars
412 838 586 885 Poetica
610 838 776 900 scripta
797 838 857 885 ad
875 838 1062 886 Pisones
1078 875 1091 898 ,
1111 851 1295 902 patrem
1312 840 1355 888 8c
1371 840 1514 887 filios:

244 902 332 949 hos
352 904 479 949 enirn
505 904 764 965 alloquitur
784 905 916 950 versu
936 921 993 964 24
1010 940 1024 962 ,
1311 942 1313 944 -

521 969 684 1018 Pater.
715 970 757 1014 dr
778 972 981 1036 juvenes,
1000 983 1130 1035 patre
1155 971 1290 1034 digni.
1525 1011 1528 1013 ,

310 1032 566 1079 Suetonius
601 1034 651 1079 in
681 1034 777 1080 vita
816 1035 1009 1081 testatur
1028 1070 1041 1092 ‚
1071 1036 1245 1083 veniffe
1273 1038 1322 1082 in
1347 1052 1517 1083 manus

242 1096 404 1144 fuas&
418 1096 575 1160 Elegos
597 1099 683 1145 sub
702 1099 884 1145 Horatii
908 1101 1048 1146 titulo
1061 1135 1074 1157 ,
1093 1100 1135 1146 8c
1151 1101 1195 1146 E
1217 1103 1383 1164 {stolam
1404 1117 1517 1163 pro-

242 1163 288 1209 sa
321 1163 563 1221 oratione,
600 1165 731 1225 quasl
764 1165 1140 1211 commendantis
1169 1119 1216 1211 ile·J
1250 1166 1521 1214 Maecenatiss‘

239 1229 330 1275 Sed
347 1240 552 1292 utraque,
582 1230 766 1290 inquit,
788 1228 915 1293 falsa
937 1243 1058 1295 puto.
1084 1230 1202 1276 Nam
1225 1232 1338 1294 elegi
1358 1231 1517 1292 vulga-

238 1310 335 1343 res,
365 1295 536 1359 epistola
562 1307 704 1340 autem
735 1295 935 1356 obscura,
966 1312 1046 1358 quo
1067 1297 1169 1342 vitio
1196 1298 1369 1343 minime
1402 1308 1518 1342 tene-

242 1360 384 1404 batur.
417 1357 598 1405 Auf'tor
619 1360 727 1405 libri
756 1361 815 1404 de
848 1360 1228 1423 Orthographia‚
1259 1361 1344 1422 qui
1373 1360 1521 1408 Bedaev

240 1425 388 1487 vulgo
422 1425 669 1481 tribuitur,
690 1441 737 1486 p.
759 1420 890 1471 2800‘
908 1425 1018 1470 edit.
1041 1419 1273 1471 Putschii:
1297 1424 1516 1480 Nonnulli

239 1501 429 1536 veterum
454 1490 544 1553 ipsa
565 1492 758 1536 carmina
775 1490 885 1552 soles
907 1491 1127 1536 nominare
1141 1525 1154 1538 .
1160 1491 1287 1552 ficut
1300 1489 1536 1536 Horatius·

239 1557 286 1600 in
302 1556 512 1618 principio
529 1556 746 1622 cujusdam
761 1556 986 1602 voluminis
998 1590 1012 1603 ,
1031 1556 1141 1618 quod
1155 1557 1220 1601 ita
1238 1555 1413 1617 exorsus
1430 1557 1487 1618 est
1498 1575 1512 1600 .-

238 1618 372 1665 Soles
402 1636 534 1666 meos
569 1620 704 1667 omni
730 1620 938 1666 Eccleslae
969 1619 1152 1682 (Barth.
1184 1619 1302 1678 LII,
1327 1636 1381 1678 4,
1400 1620 1515 1683 legit

238 1681 414 1746 thfiae)
433 1685 588 1739 vestrae
608 1685 913 1732 commendo.
933 1686 994 1731 Et
1008 1685 1159 1732 Maro.-
1176 1685 1295 1747 saepe
1312 1700 1402 1748 ego
1415 1685 1516 1730 lon-

238 1752 323 1814 gos
345 1750 582 1797 cantando
609 1767 815 1812 puerum
833 1751 1033 1796 memini
1056 1766 1136 1811 me
1155 1750 1366 1797 condere
1384 1748 1514 1796 soles.

489 1843 1042 1892 SCHOLIASTAE
1082 1856 1256 1892 veteres.

302 1932 483 1993 Multos
509 1934 850 1981 Grammaticos
872 1945 1051 1981 veteres
1081 1934 1356 1995 interpretes
1379 1929 1514 1979 nasta

238 1997 350 2044 sunt
372 1999 557 2044 Horatii
580 2000 830 2057 Carmina,
852 2000 932 2045 sed
964 2016 1174 2060 quorum
1197 2009 1302 2044 aetas
1326 1997 1514 2044 definiri

239 2078 342 2109 non
358 2065 519 2124 potest.
539 2066 700 2112 Primo
717 2067 824 2111 loco
842 2065 1038 2127 ponitur
1058 2065 1108 2110 in
1127 2063 1234 2109 edd.
1247 2065 1414 2112 Acron,
1434 2063 1513 2108 cui

239 2128 426 2189 praefert
463 2129 806 2191 interpretandi
837 2131 1036 2176 sollertia
1067 2129 1400 2194 Porphyrionem
1419 2127 1514 2173 Va·-

239 2193 388 2238 vaffor
418 2193 479 2239 de
505 2195 554 2240 vi
572 2194 614 2240 8c
632 2196 718 2241 usu
739 2196 995 2242 verborum
1025 2194 1344 2255 quorundam.
1364 2193 1512 2239 Henrs

239 2256 510 2319 Stephanus
530 2261 740 2318 testatur,
760 2261 812 2306 in
835 2261 933 2306 Ma.
962 2260 1238 2323 Pomponium
1253 2258 1513 2323 Porphyrio-v

238 2339 334 2368 nem
366 2325 600 2384 appellari.
643 2326 867 2372 Ceterum
895 2325 1004 2371 sunt
1033 2324 1177 2387 magis
1203 2335 1422 2384 excerpta
1450 2337 1516 2368 ex.

240 2403 410 2433 eorum
444 2391 816 2448 commentariis,
852 2407 996 2451 quam
1034 2389 1361 2434 commentarii
1397 2388 1511 2448 ipsi,

238 2451 371 2513 iique
405 2453 572 2511 etiam,
605 2469 658 2501 ut
691 2457 739 2501 in
774 2456 869 2501 aliis
902 2455 1102 2516 q‘uoque
1131 2451 1339 2513 saelum,
1366 2453 1514 2500 inter-

295 2551 313 2578 1
334 2538 428 2579 Acta
447 2538 561 2582 Etud.
581 2540 705 2592 1684,
726 2553 815 2594 pag.
844 2542 934 2583 262.
