1592 2898
201 229 264 278 32
407 212 470 283 ρ.
521 210 900 259 HoRATn
955 210 1265 261 FLACCI

200 314 392 357 Fervidus
417 325 547 357 tecum
575 315 697 364 Puer,
719 315 761 356 &
782 314 918 356 solutis
1459 325 1480 368 ς

200 379 351 420 Gratiae
376 380 515 426 zonis,
541 389 832 432 properentque
855 377 1079 433 Nymphae,

199 440 251 481 Et
276 453 415 496 parum
439 440 563 481 comis
587 438 666 479 sme
686 451 724 479 te
746 440 934 480 Iuventas
945 464 962 486 ,

501 500 813 556 Mercuriusque.

609 679 646 723 0
680 644 804 725 ΠΕ
863 678 1079 724 XXXI.

485 824 595 866 AD
649 823 1192 865 APOLLINEM.

254 960 302 999 Se
328 974 397 999 non
423 958 631 1012 opulentiam
646 990 659 1009 ‚
678 958 746 1011 sed
773 957 994 1013 tranquillam
1028 958 1228 1012 hilaremque
1250 955 1357 997 vitam
1378 955 1423 995 ab

671 1029 840 1083 Apolline
864 1028 1011 1082 poscere.

202 1116 366 1209 Qum
390 1156 606 1198 dedicatum
633 1155 756 1211 poscit
780 1155 1008 1210 Apollinem

195 1220 347 1264 Vates?
369 1219 462 1272 quid
485 1231 598 1266 orat,
621 1220 668 1259 de
691 1229 823 1273 patera
851 1230 1007 1258 novum

250 1280 433 1321 Fundens
461 1279 684 1333 liquorem?
714 1279 807 1319 Non
834 1278 987 1332 opimas

307 1343 491 1384 Sardiniae
513 1343 657 1397 segetes
681 1342 820 1384 feracis
832 1355 846 1392 ;

197 1444 293 1487 Non
317 1444 493 1486 aestuosae
523 1456 633 1500 grata
653 1446 846 1488 Calabriae
1453 1463 1476 1504 5

195 1510 407 1556 Armenta3
437 1521 519 1549 non
539 1522 679 1550 aurum
694 1539 707 1558 ‚
733 1518 802 1551 aut
823 1510 921 1551 ebur
943 1509 1147 1560 Indicum;

250 1571 346 1611 Non
369 1584 484 1619 rura,
504 1584 595 1625 quae
615 1572 714 1612 Liris
735 1573 868 1626 quieta

306 1634 466 1675 Mordet
495 1648 616 1689 aqua,
643 1636 864 1677 taciturnus
887 1637 1021 1679 amnis.

192 1741 371 1782 Premant
393 1741 541 1783 Calena
558 1741 677 1792 falce,
699 1743 840 1797 quibus
862 1743 966 1788 dedit

191 1803 389 1853 Fortuna,
415 1804 560 1845 vitem:
583 1805 694 1844 dives
721 1815 767 1845 ut
796 1805 923 1845 aureis
1147 1843 1151 1847 Α
1428 1815 1479 1844 10

247 1867 448 1907 Mercator
471 1866 637 1906 exsiccet
660 1866 813 1907 culullis

301 1929 410 1970 Vina
435 1928 539 1982 syra
562 1941 740 1983 reparata
764 1942 916 1979 merce,

191 2035 266 2076 Dis
295 2048 412 2076 carus
436 2034 547 2090 ips1s3
567 2034 712 2089 quippe
734 2046 793 2076 ter
821 2037 864 2078 &
890 2046 1028 2090 quater

138 2101 141 2105 “
192 2097 315 2138 Anno
333 2096 504 2139 revisens
527 2110 668 2151 aequor
687 2097 928 2140 Atlanticum

243 2158 420 2213 Impune.
450 2159 519 2198 Me
542 2159 701 2213 pascant
723 2160 843 2199 olivae
859 2190 873 2207 ,
1424 2169 1472 2213 ις

300 2221 370 2260 Me
395 2220 600 2268 cichorea,
627 2219 809 2274 levesque
834 2219 992 2266 malvam

192 2324 285 2364 Frui
312 2321 453 2377 paratis
474 2321 516 2361 &
537 2320 674 2361 valido
699 2319 818 2367 mihi,

189 2388 312 2429 Latoe
328 2417 341 2434 ,
366 2386 513 2431 dones,
541 2384 606 2433 δι,
633 2396 796 2436 precor,
820 2384 972 2437 integra

242 2447 348 2489 Cum
376 2456 531 2494 mente;
554 2457 625 2484 nec
646 2456 800 2497 turpem
820 2442 1009 2484 senectam

293 2509 451 2564 Degere
466 2539 480 2557 ,
504 2520 578 2549 nec
603 2507 750 2548 cithara
777 2517 987 2549 carentem¹
1417 2517 1471 2545 20
