1592 2898
228 218 318 278 136
430 218 493 288 Q.
546 217 931 285 HORA‘ljll
983 223 1291 273 FLACCI

646 362 841 409 ODE
910 365 1083 415 VIII.

319 487 405 528 IN
460 488 708 532 ANUM
764 491 1402 542 LIBIDINOSAM.

220 601 272 644 'In
293 604 449 643 vetulam
468 607 648 658 quandam
670 608 832 658 beatam,
849 602 1000 649 imorem
1010 613 1087 663 fine
1106 613 1239 654 viribus
1261 614 1471 668 affidantem
1483 644 1505 662 ,‚

657 673 876 712 amarulenta
910 673 1071 716 inveHio.

143 800 146 804 ⁴
193 750 195 752 ’
223 721 452 798 ROGARE
472 756 595 809 longo
615 757 790 810 putidam
814 769 852 799 te
883 758 1013 801 seculo
1028 791 1041 810 ,

277 815 396 858 Vires
418 817 509 869 quid
534 830 697 858 enervet
719 822 848 860 meas!

222 877 329 918 Cum
347 878 393 919 fit
415 880 482 919 tibi
507 880 601 921 dens
621 893 724 929 ater,
753 881 795 922 &
812 883 918 937 rugis
942 894 1058 925 vetus

277 941 463 983 Frontem
487 942 659 984 senectus
680 955 811 985 exaret
822 961 837 996 3

221 1002 396 1058 Hietque
420 1007 544 1059 turpis
569 1006 667 1046 inter
692 1005 817 1047 aridas
840 1018 949 1049 nates
1478 1024 1498 1068 ς
1554 1057 1557 1058 ⁷

277 1067 433 1115 Podex,
456 1069 566 1109 velut
586 1069 717 1110 crudae
743 1069 870 1110 bovis.

222 1126 296 1168 Sed
321 1129 454 1170 incitat
473 1142 535 1170 me
558 1129 716 1183 ρεᾶυε,
745 1129 788 1171 δι
812 1143 992 1172 mammae
1025 1141 1183 1186 putres,

277 1190 428 1245 Equina
459 1192 594 1247 quales
617 1193 762 1241 ubera;

222 1252 454 1309 Venter-que
477 1255 608 1297 mollis
621 1287 635 1306 ‚
659 1255 703 1296 δι
729 1255 857 1297 femur
882 1257 1122 1301 tumentibus
1457 1309 1460 1311 ,

279 1314 387 1357 Exile
407 1315 502 1357 suris
521 1317 705 1358 additum.
1449 1335 1500 1367 ιο

222 1376 316 1418 Esto
340 1378 473 1429 beata,
495 1379 614 1421 funus
636 1391 753 1434 atque
777 1380 964 1434 imagines
1541 1383 1546 1388 ’

277 1440 442 1481 Ducant
467 1442 718 1496 triumphales
740 1453 879 1492 tuum;

221 1499 308 1543 Nec
330 1502 376 1542 fit
403 1503 543 1543 marita
557 1533 568 1552 ‚
588 1517 680 1558 quae
697 1503 992 1545 rotundioribus

275 1564 427 1606 Onusta
451 1567 582 1608 baccis
614 1568 797 1609 ambulet.
1474 1598 1475 1601 ,

221 1628 362 1682 Quid?
383 1631 490 1684 quod
514 1631 632 1670 libeni
658 1631 777 1672 stoici
796 1631 896 1672 inter
917 1631 1072 1674 Sericos
1181 1657 1188 1662 -
1347 1624 1349 1627 ’
1449 1643 1493 1687 15
1569 1648 1572 1649 ν

275 1696 412 1736 Jacere
435 1694 619 1748 pulvillos
641 1697 798 1738 amant?

220 1757 392 1801 luiterati
415 1771 508 1798 num
537 1758 664 1799 minus
686 1758 796 1799 nervi
822 1756 973 1812 rigent?

277 1820 461 1862 Minusve
487 1813 647 1875 languet
672 1821 888 1863 fascinum?

221 1880 349 1936 Quod
376 1893 420 1922 ut
443 1881 612 1935 superbo
637 1896 834 1937 provoces
859 1883 909 1923 ab
941 1882 1096 1936 inguine
1109 1891 1124 1929 ,'
1157 1899 1159 1902 ⁴

274 1943 360 1986 Ore
383 1943 685 1987 adlaborandum
710 1945 765 1987 est
782 1945 863 1986 tihi.
1445 1957 1496 1988 20

689 2076 882 2122 ODE
942 2075 1043 2121 IX.

479 2191 589 2234 AD
642 2189 1234 2253 MAECENATEM.

222 2300 403 2353 Praescntit
427 2300 644 2354 voluptatem
677 2314 784 2358 quam
806 2301 850 2354 est
876 2311 1095 2353 percepturus
1108 2329 1121 2348 ‚
1146 2312 1224 2337 cum
1247 2298 1426 2352 Augustus
1453 2298 1494 2337 de

465 2364 630 2403 Antonio
657 2364 694 2403 δ’
721 2363 903 2416 Cleopatra
929 2363 1140 2416 triumphum
1164 2372 1253 2415 aget.

223 2420 466 2514 QUANDO
489 2460 686 2515 repostum
715 2461 934 2503 Caecubum
963 2459 1010 2500 ad
1038 2457 1148 2501 festas
1172 2458 1312 2514 dapes,

272 2525 440 2572 Victore
463 2524 578 2572 laetus
608 2523 763 2567 Caesare
779 2554 791 2574 ‚
1356 2543 1358 2545 v
