1592 2898
340 261 828 310 SERMONUM
879 261 1026 310 Lm.
1074 264 1113 309 1.
1272 264 1360 327 165

38 382 41 385 v
105 362 295 411 ambis,
317 339 443 416 nequ}
465 374 504 403 te
523 361 723 416 quisquam
739 360 917 413 stipator,
938 360 1112 414 ineptum

105 426 245 466 Praexer
267 423 482 478 Crispinum
496 454 510 471 ,
532 423 752 465 seflabitur:
777 424 819 465 &
840 423 931 463 mihi
947 423 1079 468 dulces

107 485 330 540 Ignoscent,
353 484 383 526 fi
395 485 490 538 quid
508 498 722 539 peccavero
745 484 903 533 stultus,
922 485 1060 535 amici3
1290 496 1372 536 140

104 547 228 600 Inque
249 547 373 586 vicem
392 546 545 587 illorum
566 546 685 600 patiar
700 546 836 587 deliaa
855 545 1042 597 libenter,

105 608 355 665 Privatusque
379 610 501 664 magis
522 610 653 652 vivam
678 620 717 650 te
738 621 828 663 rege
853 609 1001 651 beatus.

460 813 849 861 SATJRA
910 812 1007 860 1V.

242 961 311 1005 m
356 961 1005 1023 OBTRECTATORES
1053 960 1239 1005 SUOS.

112 1076 328 1152 Eurous
341 1135 354 1154 ,
372 1114 489 1159 atque
510 1104 715 1154 Cratinus,
735 1103 1112 1159 Aristophanesque,
1139 1118 1267 1159 poetae
1277 1115 1299 1155 3

114 1166 248 1220 Atque
271 1166 359 1215 alii,
382 1179 551 1219 quorum
574 1166 779 1208 Comoedia
799 1165 920 1221 prisca
944 1166 1119 1208 virorum
1142 1168 1219 1217 est,

113 1227 154 1267 Si
172 1228 258 1281 quis
278 1238 359 1268 erat
378 1228 513 1281 dignus
532 1228 714 1277 describi,
735 1229 844 1284 quod
871 1228 1021 1279 malus,
1042 1242 1113 1271 aut
1136 1230 1225 1282 fur,

114 1290 241 1343 Quod
261 1291 437 1332 moecbus
457 1290 583 1338 foret,
606 1303 674 1336 aut
689 1292 866 1340 sicarius,
886 1304 952 1336 aut
971 1292 1119 1348 alioqui
1169 1327 1172 1331 ,

116 1351 300 1394 Famosus
311 1382 323 1402 ,
340 1352 460 1395 multa
475 1366 563 1395 cum
581 1353 754 1398 libertate
774 1355 975 1399 notabant.
1351 1358 1394 1414 ς’·

116 1413 221 1454 Hinc
239 1414 366 1454 omnis
379 1414 517 1467 pendet
537 1414 731 1465 Lucilius,
749 1415 866 1459 hosce
886 1414 1039 1461 secutus
1050 1445 1066 1466 ,

116 1473 278 1515 Mutatis
298 1486 448 1516 tantum
469 1477 628 1530 pedibus
649 1477 920 1532 numerisque,
944 1477 1121 1530 facetus,

116 1534 315 1576 Emunaae
330 1538 454 1586 naris,
478 1539 597 1580 durus
617 1553 854 1594 componere
872 1540 1018 1582 versus.

106 1599 217 1644 Nam
242 1599 314 1640 suit
332 1601 409 1641 hoc
432 1601 617 1651 vitiosus,
646 1603 685 1645 in
706 1604 802 1646 hora
827 1602 927 1658 saepe
948 1604 1138 1648 ducentos
1150 1612 1168 1652 ,·

118 1660 174 1701 Ut
198 1674 404 1715 magnum,
428 1662 561 1705 versus
582 1664 772 1712 dictabat,
794 1664 894 1706 stans
912 1666 1008 1720 pede
1025 1667 1065 1708 in
1083 1680 1181 1708 uno.
1328 1678 1384 1711 ιο

116 1723 224 1764 Cum
240 1724 378 1764 flueret
401 1724 635 1776 lutulentus,
653 1738 734 1767 erat
754 1729 863 1781 quod
883 1728 1021 1770 tollere
1043 1730 1186 1770 velles:

118 1784 332 1836 Garrulus,
349 1799 466 1840 atque
488 1788 597 1842 piger
617 1788 802 1830 scribendi
821 1789 920 1831 ferre
945 1790 1144 1841 laborem

117 1848 313 1890 Scribendi
337 1849 459 1890 reete:
483 1862 573 1889 nam
591 1861 634 1890 ut
650 1850 813 1891 multum
825 1882 838 1900 ‚
854 1852 907 1891 nil
928 1865 1077 1893 moror.
1102 1852 1237 1904 Ecce,

117 1909 317 1965 Crispinus
334 1909 496 1950 minimo
515 1923 578 1961 me
596 1922 798 1964 provocat.
813 1934 859 1942 —
876 1912 1044 1968 Accipe,
1065 1913 1094 1954 fi
1111 1914 1172 1956 vis
1183 1943 1197 1964 ,

119 1971 319 2026 Accipiam
336 1971 511 2020 tabulas;
534 1972 644 2013 detur
663 1973 775 2014 nobis
793 1972 926 2023 locus,
943 1974 1041 2015 hora
1054 2006 1068 2023 ,
1331 1988 1379 2033 ις

122 2029 330 2080 Custodem
351 2032 553 2072 videamus
577 2033 773 2086 uterplus
794 2032 957 2077 scribere
973 2034 1099 2088 poffit.
1117 2052 1183 2068 -·

122 2090 180 2132 Di
203 2090 298 2132 bene
318 2091 515 2142 fecerunt,
539 2094 666 2147 inopis
689 2108 751 2137 me
777 2095 962 2149 quodque
982 2096 1108 2150 pufiffi
1162 2144 1169 2150 ,

122 2151 331 2192 finxerunt
355 2154 497 2201 animi,
519 2167 610 2195 raro
630 2156 674 2196 δι
693 2169 884 2209 perpauca
901 2156 1109 2211 loquentis.

121 2213 179 2259 At
193 2225 237 2254 tu
253 2214 449 2256 conclusas
473 2217 626 2258 hircinis
648 2216 804 2259 follibus
825 2231 936 2261 auras
949 2250 964 2268 ,

123 2273 256 2327 Usque
273 2275 514 2326 laborantes,
534 2279 626 2319 dum
648 2278 796 2321 ferrum
821 2281 971 2332 molliat
993 2281 1117 2336 ignis,
1330 2294 1383 2324 20

125 2336 181 2376 Ut
207 2338 353 2386 mavis,
370 2339 532 2381 imitare.
552 2341 695 2383 Beatus
714 2334 901 2393 Fannius,
925 2343 1033 2385 ultro

123 2396 274 2453 Delatis
291 2399 408 2452 caplis
423 2401 463 2440 δι
485 2402 671 2456 imagine!
694 2416 784 2444 cum
808 2417 900 2456 mea·
915 2417 1045 2448 nemo⁴

124 2455 272 2512 Scripta
295 2460 395 2513 legat
407 2491 422 2509 ‚
438 2463 563 2516 vulgo
579 2465 738 2506 recitare
754 2466 947 2514 timentis,
964 2467 1018 2508 ob
1037 2466 1137 2508 hanc
1149 2479 1230 2508 rem
1242 2496 1256 2514 ,
1399 2508 1405 2511 .

121 2520 252 2575 Quod
268 2520 354 2562 sunt
369 2535 468 2578 quos
485 2536 606 2578 genus
622 2525 701 2571 hoc
715 2527 873 2569 minime
890 2527 1028 2580 juvat,
1047 2538 1183 2582 utpote
1201 2528 1330 2583 plures

1059 2596 1140 2651 1⁴3
