1592 2898
302 209 770 260 CARM1NUM
838 207 990 257 Lm.
1046 211 1123 257 11.
1303 226 1367 277 47

101 317 276 360 Curatve
296 316 463 371 myrto?
489 329 606 372 quem
629 317 770 358 Venus
794 316 977 358 arbitrum
1314 328 1367 373 ²5

102 380 220 422 Dicet
243 379 421 421 bibendi?
440 380 534 421 Non
554 380 631 434 egd
650 379 777 421 sanius

157 440 382 485 Bacchabor
406 441 572 483 Edonis:
598 453 758 496 recepto

196 501 341 556 3Dulee
359 503 454 544 mihi
468 501 599 544 furere
622 501 677 544 est
694 502 835 544 amico.

522 686 717 735 ODE
784 687 959 734 VIII.

446 821 555 864 AD
620 821 1035 865 BARlNEN.

117 948 204 990 Non
228 947 313 1002 ff,
333 963 395 991 cur
427 949 458 990 ei
473 948 610 1002 juranti
631 951 811 990 mdatur:
830 948 1061 1004 fer-mosamm
1083 948 1170 991 enim
1185 949 1336 1005 peq'un’a
1352 971 1378 997 a

547 1017 633 1058 Diis
658 1032 728 1059 mn
752 1019 933 1061 vindicari.

119 1104 281 1181 Um
301 1135 330 1176 fi
356 1137 454 1190 juris
476 1137 545 1178 tibi
565 1137 723 1191 peierati

119 1195 260 1247 Poena,
286 1198 445 1250 Barine,
473 1200 657 1241 nocuiffet
683 1213 881 1255 unquam3

122 1257 257 1301 Dente
282 1259 312 1301 fi
334 1261 448 1315 nigro
470 1260 606 1310 fieres,
632 1262 697 1303 vel
723 1276 807 1304 uno

417 1321 591 1378 Turpior
612 1325 738 1379 ungui
753 1338 767 1366 ε

68 1439 72 1442 ·
124 1423 343 1468 Crederem.
370 1426 442 1468 Sed
463 1438 534 1475 tu,
553 1426 664 1468 fimul
685 1427 860 1481 obligasti
1358 1442 1384 1486 3

122 1485 314 1530 Pet-fidum
342 1491 445 1532 votis
469 1502 612 1544 caput,
636 1490 807 1533 enitescis

123 1548 326 1594 Pulchrior
348 1555 494 1603 multo,
515 1554 784 1609 juvenumque
810 1555 943 1610 prodis

419 1615 575 1657 Publica
601 1629 708 1658 cura.

128 1718 291 1774 Expedit
312 1722 444 1762 matris
471 1722 617 1763 cineres
646 1734 808 1776 opertos

130 1781 300 1832 Fallere,
320 1783 362 1823 δι
381 1794 469 1824 toto
489 1786 675 1826 taciturna
698 1785 837 1826 Noffis
1171 1806 1173 1808 ·
1341 1798 1393 1832 ιο

129 1840 248 1897 Signa
278 1857 368 1886 cum
385 1845 514 1895 coelo,
540 1846 738 1900 gelidaque
758 1845 889 1887 Divos

427 1907 561 1948 Morte
581 1914 766 1949 carentes.

132 2011 247 2053 Ridet
269 2013 369 2062 hoc,
390 2013 571 2068 inquam,
588 2013 728 2054 Venus
746 2012 825 2068 ipsa
838 2043 849 2062 ‚
870 2013 994 2055 rident

133 2075 334 2129 Simplices
358 2077 577 2132 Nymphae,
602 2076 705 2118 ferus
722 2077 765 2118 δι
791 2077 972 2133 Cupido,

134 2137 291 2192 Semper
310 2140 485 2181 ardentes
509 2152 652 2181 acuens
674 2138 826 2194 sagittas
1346 2154 1395 2195 15

429 2202 532 2244 Cote
552 2214 721 2244 cruenta.

140 2309 249 2349 Adde
262 2339 275 2358 ,
298 2310 404 2364 quod
432 2311 552 2364 pubes
574 2312 645 2352 tibi
663 2310 798 2352 crescit
824 2311 972 2363 omnis,

139 2370 313 2409 Servitus
334 2369 465 2411 crescit
486 2382 618 2420 nova3
646 2383 717 2412 nec
746 2371 897 2424 priores

139 2430 274 2485 Impiae
293 2431 437 2472 teaum
460 2431 624 2472 dominae
646 2433 892 2487 relinquunt,
968 2444 970 2447 ·

432 2490 542 2545 Saepe
562 2493 707 2532 minati.
756 2546 759 2547 ⁷
1344 2504 1400 2541 περ
