1592 2898
270 292 854 344 Ems‘roLARuM
908 292 1050 357 μβ.
1101 292 1176 337 η
1277 292 1363 341 281

111 401 209 443 Haec
233 412 336 443 amat
355 399 588 452 obscurum3
607 399 726 440 volet
746 397 831 439 haec
853 396 923 438 sub
949 396 1046 449 luce⁴
1064 395 1212 444 videri,

109 464 251 510 Iudicis
273 475 453 518 argutum
478 467 663 516 qu'ae-nou
686 459 871 505 formidat
890 471 1074 500 acumen:

111 527 211 568 Haec
226 526 368 579 placuit
386 525 524 573 semel,
548 526 632 566 haec
655 525 780 566 decies
797 524 956 576 repetita
976 520 1153 576 placebit.
1297 520 1371 575 365
1438 542 1447 555 s

109 587 152 628 O
172 587 295 641 major
315 587 503 640 juvenum
517 617 529 636 ,
552 586 732 641 quamvis
753 585 794 625 δι
815 597 916 626 voce
939 595 1099 638 paterna

108 643 281 704 Fmgeris
306 650 353 690 ad
372 649 548 698 rectum,
573 649 615 689 δι
641 661 710 702 per
732 659 772 687 te
794 645 894 700 sapis
909 677 923 693 ,
945 647 1022 687 hoc
1042 645 1112 685 tibi
1132 643 1273 685 diaum

19 722 25 725 ”
107 710 226 753 Tolle
246 724 418 753 memor:
441 712 557 752 certis
581 711 747 751 medium
768 709 810 750 &
832 709 1032 750 tolerabile
1054 708 1169 749 rebus

107 769 231 810 Reae
253 771 442 812 concedi:
465 769 663 811 consultus
685 768 837 821 jutis&
861 768 978 809 actor·

108 830 322 872 Causarum
346 832 546 872 mediocris
571 829 674 871 abest
698 830 842 871 virtute
860 828 987 870 diserti
1023 827 1029 830 ⁴
1297 839 1372 882 370

106 893 300 943 Meffalae‚
320 906 391 935 nec
411 893 478 935 scit
502 906 692 947 quantum
718 891 928 934 Cascellius
955 892 1107 941 Aulus;

107 954 180 996 Sed
198 966 323 997 tamen
342 956 380 996 in
401 956 526 1010 pretio
548 954 628 998 est:
655 954 911 995 mediocribus
931 954 1007 995 effe
1032 954 1156 1006 poetis

106 1015 201 1058 Non
218 1018 415 1066 homines,
439 1029 519 1056 non
537 1016 614 1061 Di,
638 1029 719 1056 non
741 1015 958 1056 concessere
980 1016 1186 1058 columnae.

106 1081 164 1121 Ut
178 1090 303 1132 gratas
322 1079 421 1118 inter
441 1077 587 1118 mensas
603 1075 836 1132 symphonia
859 1076 1004 1116 discors

104 1138 156 1179 Et
173 1137 335 1179 craffum
355 1149 592 1192 unguentum
608 1168 622 1185 ,
642 1138 683 1178 δι
704 1137 826 1177 Sardo
845 1151 933 1186 cum
954 1137 1065 1177 melle
1086 1148 1256 1190 papaver
1291 1148 1363 1190 375

106 1199 347 1255 Offendunt;
370 1211 524 1254 poterat
544 1200 633 1240 duci
654 1200 744 1253 quia
770 1212 884 1240 coena
904 1198 984 1239 sine
1005 1198 1104 1239 istis:

105 1261 171 1302 Sic
190 1262 328 1302 animis
348 1273 481 1302 natum
508 1262 791 1314 inventumque
815 1274 954 1314 poema
978 1260 1182 1312 juvandis,

105 1323 145 1363 Si
164 1323 320 1376 paulum
340 1337 362 1363 a
387 1322 540 1364 summo
559 1321 712 1363 deceffit
726 1352 741 1368 ,
763 1323 889 1375 vergit
913 1323 959 1362 ad
982 1323 1114 1363 imum.

104 1384 254 1425 Ludere
273 1386 338 1438 qui
358 1384 499 1434 nescit,
521 1384 796 1439 campestribus
820 1383 978 1424 abstinet
999 1385 1137 1434 armis,

104 1445 475 1500 Indofiusquerpilae
494 1447 634 1487 discive
663 1447 869 1496 trochive,
893 1446 1081 1500 quiescit,
1291 1445 1368 1499 380

102 1508 165 1548 Ne
187 1507 308 1562 spifl'ae
333 1506 450 1548 risum
477 1508 612 1548 tollant
635 1508 794 1561 impune
816 1520 996 1548 coronae:

102 1565 191 1619 Qui
212 1565 352 1612 nescit,
371 1566 505 1606 versus
521 1578 652 1606 tamen
671 1567 787 1607 audet
810 1565 980 1619 fingere!
996 1589 1042 1597 -
1061 1565 1243 1619 Quidni?

101 1627 217 1668 Liber
238 1630 278 1669 δι
302 1629 517 1682 ingenuus,
542 1628 752 1682 praesertim
777 1629 912 1670 census
932 1629 1146 1683 equestrem

95 1688 296 1743 ,Summam
322 1703 571 1730 nummorum
586 1721 600 1737 ,
621 1692 797 1744 vitioque
817 1704 989 1732 remotus
1019 1692 1067 1732 ab
1086 1693 1206 1732 omni.
1226 1713 1273 1722 —

100 1750 166 1790 Tu
189 1749 283 1790 nihil
304 1751 428 1789 invita
451 1752 554 1791 «lices
574 1750 741 1792 faciesve
765 1753 967 1801 Minerva3
986 1787 992 1796 .
1289 1751 1360 1807 385
1431 1780 1438 1783 ν

100 1810 142 1851 ld
165 1811 234 1851 tibi
254 1811 439 1864 judicium
458 1812 537 1860 est,
555 1825 602 1852 ea
625 1825 752 1854 mens:
773 1813 800 1852 fi
824 1815 914 1866 quid
937 1827 1065 1854 tamen
1088 1797 1183 1856 olim

101 1871 321 1931 Scripseris,
350 1873 389 1912 in
412 1874 511 1914 Meti
530 1873 728 1914 descendat
747 1873 883 1927 judicis
904 1889 1041 1923 aures,

101 1934 152 1974 Et
166 1936 286 1986 ‘patris
301 1964 314 1980 ,
338 1934 379 1974 δι
400 1934 550 1975 nostras
564 1966 576 1981 ,
595 1948 822 1988 nonumque
847 1948 1040 1990 prematur
1061 1939 1099 1978 in
1122 1950 1265 1979 annum
1281 1968 1294 1987 ,

100 1995 336 2035 Membranis
356 1996 461 2036 intus
485 1997 626 2050 positis.
657 1998 800 2040 Delere
826 1999 980 2049 licebit,

98 2056 230 2108 Quod
254 2070 335 2112 uon
354 2058 540 2107 edideris3
563 2058 682 2101 nescit
703 2073 784 2100 vox
815 2059 918 2101 miffa
942 2063 1099 2105 teverti.
1287 2075 1364 2117 390

98 2116 294 2158 Silvestres
315 2119 490 2160 homines
511 2119 613 2161 sacer
636 2122 896 2175 interpresque
919 2123 1099 2164 Deorum

98 2178 280 2219 Caedibus
301 2179 340 2218 δι
366 2179 473 2220 νίἂυ
493 2179 600 2221 foedo
620 2181 805 2224 deterruit
828 2182 1036 2236 Orpheu53

96 2243 238 2284 Dictus
261 2244 314 2283 ob
339 2244 414 2285 hoc
431 2245 548 2285 lenire
573 2245 713 2298 tigres,
732 2247 960 2300 rabidosque
980 2246 1112 2289 leones
1130 2262 1143 2288 :

96 2304 241 2344 Diaus
257 2304 297 2344 δι
317 2304 514 2357 Amphion
537 2306 737 2348 Thebanae
754 2309 934 2349 conditor
954 2309 1050 2350 arcis

95 2363 198 2404 Saxa
216 2365 491 2407 moveresono
513 2366 731 2416 testudinis,
755 2370 799 2410 δι
820 2382 936 2423 prece
965 2370 1101 2410 blanda
1283 2382 1356 2425 395

96 2423 252 2464 Ducere
274 2438 355 2478 quo
381 2426 514 2468 vellet:
540 2427 612 2469 fuit
636 2429 718 2472 haec
742 2429 922 2484 sapientia
945 2433 1140 2486 quondam
1156 2461 1170 2481 ,

94 2483 247 2526 Publica
275 2487 432 2539 privatis
454 2486 670 2540 secernere,
695 2490 800 2532 sacra
821 2491 989 2544 profanis
1004 2522 1016 2540 ,
