1592 2898
325 229 800 286 SERMONUM
847 227 996 278 LIB.
1047 226 1091 275 1.
1294 237 1389 289 157
1432 283 1435 293 ¹

464 430 859 480 SATIRA
922 429 1024 477 ΙῙ.

526 582 604 624 ΙΝ
646 580 963 625 Moecuos.

55 720 57 725 ’
110 686 504 765 Autumnum
522 710 711 766 collegia,
728 710 1047 765 pharmacopolae
1059 742 1075 762 ,

13 787 19 791 '
109 777 309 828 Mendici,
327 777 480 822 mima,
502 774 741 823 balatrones,
762 773 986 827 bocgenus
1008 785 1130 814 omne

110 839 301 883 Moestum
324 852 374 895 ac
395 837 602 879 sollicitum
619 835 674 877 est
695 835 868 877 motoris
893 846 1021 877 morte
1040 835 1205 890 Tigelli3

24 925 28 931 ›
111 902 280 958 Quippe
298 890 486 955 benignus
505 910 612 941 erat.
637 911 776 940 contra
802 899 888 947 hic,
911 912 963 940 ne
984 899 1170 955 prodigus
1187 898 1266 943 effe

111 962 278 1006 Dicatur
295 974 489 1011 metuens,
512 962 623 1015 inopi
647 961 739 1002 dare
758 961 855 1002 nolit
873 962 1025 1011 amico,
1359 971 1384 1021 ς

111 1025 270 1081 Frigus
275 1038 359 1080 quo
380 1025 595 1077 duramque
616 1022 758 1063 famem
785 1022 973 1076 depellere
998 1021 1127 1077 poffit.

104 1086 233 1132 'Hunc
250 1086 281 1128 fi
300 1086 563 1141 perconteris,
588 1085 655 1126 avi
680 1097 753 1125 cur
771 1095 889 1138 atque
912 1085 1084 1138 parentis

109 1147 337 1190 preclaram
363 1149 513 1202 ingrata
539 1146 696 1200 stringat
722 1146 846 1187 malus
864 1145 1037 1199 ingluvie
1060 1160 1142 1189 rem
1156 1179 1171 1200 ,

111 1210 259 1252 omnia
278 1210 480 1252 conductis
498 1220 683 1251 coemens
705 1208 869 1250 obsonia
894 1209 1089 1259 nummis;

113 1272 297 1314 Sordidus
321 1285 441 1327 atque
460 1273 581 1313 animi
603 1271 710 1326 quod
728 1271 839 1325 parvi
864 1271 964 1311 nolit
988 1271 1120 1312 haberi
1134 1303 1148 1322 ,
1336 1286 1389 1319 ιο

44 1322 54 1334 “
111 1333 356 1388 Respondet:
382 1334 581 1376 laudatur
597 1333 648 1373 ab
672 1332 753 1381 his,
773 1331 953 1385 cu1patur
973 1332 1024 1372 ab
1045 1333 1129 1374 inis

90 1393 287 1436 ‘Fufidius
317 1407 460 1450 vappae
486 1393 630 1434 famam
654 1393 764 1434 timet
784 1406 831 1433 ac
851 1393 1079 1442 nebulonis,

111 1454 241 1498 Dives
262 1457 392 1512 agris,
415 1457 525 1497 dives
551 1455 715 1510 pofitis
705 1468 746 1496 m
775 1454 929 1497 foenore
954 1458 1142 1500 nummis.

110 1517 270 1572 Quims
297 1519 360 1561 hic
375 1518 493 1571 capiti
516 1518 714 1559 mercedes
736 1517 914 1567 exseoet;
936 1530 1056 1572 atque

237 1592 283 1621 to
300 1581 487 1634 perditior
501 1579 663 1635 quisque
680 1578 759 1627 est,
779 1589 891 1620 tanto
913 1579 1039 1620 acrius
1064 1592 1386 1641 urget315

151 1643 284 1684 omina
303 1642 494 1692 scantur,
512 1643 633 1683 modo
660 1641 784 1683 sumta
808 1642 915 1683 veste
938 1643 1070 1690 virili,

109 1702 195 1745 Sub
212 1704 385 1757 patribus
401 1705 536 1752 duris,
557 1705 744 1744 tironum.
767 1704 963 1752 Maxime,
980 1706 1072 1759 quis
1092 1719 1197 1757 non,

110 1763 311 1819 Iuppiter,
334 1766 551 1813 exclamet,
573 1765 803 1818 {imulatque
828 1766 1002 1807 audivit?
1016 1789 1062 1797 —
1076 1767 1167 1808 Αι
1157 1782 1197 1808 ιιι
1214 1768 1253 1811 se

45 1831 50 1834 '
109 1826 191 1869 Pro
213 1827 365 1882 quaestu
387 1828 559 1869 sumtum
580 1827 682 1868 facit.
698 1850 744 1859 —
762 1828 839 1869 Hic
857 1829 925 1867 vix
951 1828 1107 1868 credere
1132 1830 1250 1882 poffis

111 1889 341 1944 Quam01ibi
357 1903 439 1933 non
457 1890 504 1931 fit
524 1891 694 1933 amicus:
719 1891 773 1930 ita
789 1900 834 1929 ut
851 1901 960 1942 pater
982 1889 1071 1937 ille,
1089 1889 1251 1933 Terenti
1329 1907 1384 1937 ιο

109 1950 258 1993 Fabula
277 1966 396 2007 quem
421 1952 601 2002 miserum
623 1964 719 1993 nato
743 1951 876 1992 vixiffe
897 1950 1037 2005 fugato

110 2011 297 2066 Inducit,
314 2028 397 2056 non
420 2015 459 2056 se
481 2014 596 2070 pejus
619 2015 855 2056 cruciaverit
881 2026 1000 2068 atque
1025 2014 1099 2056 hic.

113 2073 157 2116 Si
178 2077 264 2130 quis
280 2089 387 2119 nunc
405 2088 579 2130 quaerat,
604 2075 709 2130 Quo
726 2090 789 2116 res
806 2077 892 2116 haec
915 2075 1109 2131 pertinet?
1130 2075 1249 2121 Illuc:

111 2135 227 2179 Dum
248 2138 372 2180 vitant
388 2138 492 2180 stulti
517 2141 613 2179 viria
626 2169 638 2185 ‚
660 2140 699 2179 in
723 2139 919 2180 contraria
940 2134 1117 2180 currunt.

112 2198 331 2241 malthinus
354 2203 496 2243 tunicis
519 2199 681 2242 demiffis
697 2198 894 2250 ambulat}
914 2200 969 2240 est
992 2201 1059 2254 qui
1116 2232 1118 2234 .
1332 2218 1385 2262 ²5

112 2259 266 2314 Ingien
282 2261 329 2302 ad
348 2263 573 2305 obscoenum
597 2263 792 2305 subductis
806 2264 931 2318 usque
952 2263 1128 2306 facetus.

111 2319 286 2363 Pastillos
307 2323 477 2365 Rufillus
498 2326 606 2372 olet,
625 2324 859 2397 Gorgonius
879 2326 1053 2368 hircum:

114 2383 181 2424 Nil
206 2386 372 2426 medium
395 2387 463 2428 est.
489 2388 587 2429 Sunt
610 2390 678 2442 qui
700 2391 824 2430 nolint
846 2389 1031 2444 tetigiffe,
1057 2390 1127 2431 nifi
1147 2391 1258 2443 illas,

111 2443 301 2497 Quarum
323 2446 473 2488 subsuta
491 2450 592 2489 talos
619 2462 725 2503 tegat
746 2450 871 2491 instita
894 2451 1021 2491 veste:

109 2505 265 2550 Contra
285 2508 383 2551 alius
408 2510 576 2562 atulam,
595 2512 666 2553 nili
683 2513 839 2555 olente
830 2525 872 2554 ιιι
894 2512 1045 2556 fornice
1066 2512 1241 2556 stantem.
1331 2525 1384 2566 3ο
