1592 2898
195 229 259 277 26
392 229 452 299 Q·
519 227 907 277 HoRATn
972 228 1280 278 FLACCI

586 430 787 476 ODE
849 431 1083 478 XXIV.

488 576 598 618 AD
653 577 1181 620 VIRGILIUM.

427 724 484 762 Ut
508 723 687 775 Quinailii
718 735 855 763 mortem
869 737 979 777 -aequo
1006 722 1123 764 animo
1138 722 1245 776 firat.

202 816 356 909 Qms
385 858 574 901 defiderio
600 860 647 901 fit
674 862 799 915 pudor
826 872 896 903 aut
925 864 1066 904 modus

199 921 301 962 Tam
325 923 403 964 cari
417 925 584 979 capitis?
611 925 781 979 Praecipe
805 927 992 981 lugubres

201 983 375 1034 Cantus,
405 986 657 1039 Melpomene
671 1018 683 1036 ,
706 989 771 1028 cui
791 989 974 1043 liquidam
999 1001 1106 1045 patet

254 1046 409 1088 Vocem
431 1060 525 1088 cum
550 1049 696 1089 cithara
717 1049 833 1090 dedit.

201 1154 309 1207 Ergo
330 1153 589 1207 Quinctilium
613 1164 823 1208 perpetuus
848 1154 970 1208 sopor

203 1216 355 1270 Urget?
380 1218 447 1257 cui
472 1217 618 1265 Pudor,
644 1217 686 1257 &
707 1217 870 1257 Justitiae
895 1215 1029 1267 soror,

201 1279 439 1334 Incorrupta
459 1280 594 1328 Fides,
620 1280 801 1334 nudaque
824 1279 981 1320 Veritas

259 1341 437 1395 Quando
464 1341 587 1382 ullum
613 1341 788 1382 inveniet
809 1339 972 1394 parem?

204 1447 341 1488 Multis
366 1447 428 1488 ille
455 1448 568 1488 bonis
591 1447 727 1487 flebilis
752 1446 919 1488 occidit:

206 1510 315 1550 Nulli
336 1509 528 1559 flebilior,
552 1524 671 1563 quam
693 1510 761 1550 tibi
777 1541 789 1559 ,
813 1507 968 1562 virgili.

207 1571 271 1613 Tu
301 1569 437 1613 frustra
461 1573 576 1627 pius,
600 1573 705 1619 heu,
733 1584 816 1611 non
841 1572 896 1611 ita
921 1569 1108 1611 creditum

261 1634 390 1676 Poscis
414 1633 677 1688 Quinffilium
703 1633 826 1675 Deos.
998 1660 1029 1683 χ

207 1742 335 1795 Quod
357 1743 386 1782 fi
412 1741 600 1783 Threicio
627 1740 803 1781 blandius
823 1739 991 1794 Orpheo

209 1803 394 1847 Auditam
419 1805 619 1845 moderere
642 1804 847 1844 arboribus
871 1803 985 1843 fidem
999 1832 1011 1852 ‚

208 1867 303 1907 Non
328 1880 443 1907 vanae
463 1867 591 1906 redeat
619 1865 770 1919 sanguis
794 1865 974 1919 imagini,

268 1929 406 1983 Quam
431 1929 546 1982 virga
571 1927 686 1968 semel
717 1927 904 1976 horrida,

211 2037 306 2079 Non
333 2038 430 2079 lenis
453 2037 632 2092 precibus
657 2036 734 2077 fata
753 2036 978 2085 recludere,

211 2102 341 2155 Nigro
366 2102 600 2155 compulerit
618 2101 836 2141 Mercurius
857 2100 977 2154 gregi.

212 2163 396 2206 Durum!
419 2164 492 2205 Sed
514 2164 638 2205 levius
662 2162 704 2204 fit
729 2163 931 2218 patientia,

272 2226 478 2281 Quidquid
499 2226 693 2280 corrigere
719 2225 774 2267 est
794 2224 912 2266 nefas.

1442 1518 1491 1547 10

1442 1871 1489 1914 15

1442 2236 1495 2265 20
