1592 2898
248 213 316 272 46
455 210 516 279 ρ.
583 208 967 260 ΗόΒΑτῙῙ.
1025 211 1326 262 FLAcc1

686 421 727 468 0
759 420 808 468 D
845 420 892 467 E
956 422 1086 470 VII.

558 561 668 604 AD
720 560 1216 606 POMPEJUM.

408 696 572 740 Amicum
595 698 666 751 fibi
688 713 732 739 ac
757 698 881 752 patria
917 697 1105 753 restitutum
1127 699 1335 754 gratulaturss

247 804 325 880 O
355 845 472 875 sAEPE
499 846 650 874 mecum
675 844 826 887 tempus
851 833 892 874 in
917 832 1098 876 ultimum

244 896 445 946 Deducte,
469 896 596 937 Bruto
624 894 769 935 militiae
791 895 888 936 duce
900 923 917 943 ,

298 958 406 1013 Quis
429 970 466 999 te
493 957 696 998 redonavit
717 956 922 1010 Quiritem

349 1017 425 1060 Dis
455 1018 607 1073 patriis,
625 1017 801 1072 Italoque
825 1017 952 1067 coelo,

241 1131 424 1186 Pompei,
452 1144 630 1172 meorum
649 1130 775 1186 prime
798 1127 1013 1170 sodalium?

241 1195 345 1237 Cum
372 1209 454 1251 quo
477 1203 694 1236 morantem
717 1191 817 1245 saepe
834 1191 934 1232 diem
962 1202 1074 1232 mero

294 1258 407 1312 Fregi
422 1288 433 1305 ,
465 1267 678 1298 coronatus
707 1255 874 1295 nitentes

347 1319 599 1361 Malobathro
624 1316 744 1371 Syrio
763 1316 935 1370 capillos.

240 1426 390 1468 Tecum
411 1425 604 1479 Philippos
624 1423 666 1465 81
695 1423 858 1465 celerem
884 1422 1018 1477 fugam

240 1487 368 1535 Senfi,
390 1486 520 1527 relicia
545 1498 624 1526 non
655 1485 753 1525 bene
777 1485 977 1538 parmula;

294 1549 399 1590 Cum
424 1547 544 1588 fracia
562 1547 723 1596 Virtus,
750 1546 792 1587 δι
818 1547 990 1587 minaces

344 1609 482 1664 Turpe
503 1607 629 1649 solum
656 1608 817 1661 tetigere
837 1618 985 1648 mento.

240 1717 314 1759 Sed
336 1729 398 1756 me
424 1727 492 1769 per
515 1713 642 1755 hostes
667 1714 890 1755 Mercurius
911 1713 1015 1756 celer

235 1778 373 1821 Denso
399 1788 606 1832 paventem
633 1775 777 1817 sustulit
798 1789 910 1817 aere:

292 1842 354 1883 Te
377 1839 508 1881 rursus
527 1841 565 1879 in
590 1838 734 1880 bellum
756 1838 958 1879 resorbens

345 1903 462 1945 Unda
481 1901 585 1943 fietis
607 1902 696 1943 tulit
722 1901 904 1943 aestuofis.

237 2015 343 2067 Ergo
368 2004 578 2066 obligatam
605 2011 719 2052 redde
743 2011 839 2053 Jovi
867 2011 1024 2066 dapem,

236 2075 452 2130 Longaque
478 2073 613 2115 fess'um
637 2074 773 2115 militia
799 2073 899 2115 latus

289 2137 459 2191 Depone
477 2137 545 2178 sub
569 2137 683 2178 lauru
705 2150 817 2186 mea;
844 2149 918 2180 nee

346 2198 465 2240 Parce
486 2198 589 2240 cadis
613 2199 682 2238 tibi
701 2197 908 2239 destinatis.
934 2233 937 2236 ,

237 2304 447 2347 oblivioso
474 2305 590 2345 laevia
611 2302 775 2344 Maffico

240 2370 401 2411 Ciboria
425 2368 560 2422 exple:
594 2366 710 2408 funde
737 2364 941 2420 capacibus

293 2433 503 2485 Unguenta
529 2431 576 2471 de
601 2430 772 2470 conchis.
806 2427 912 2481 Quis
937 2427 1018 2469 udo

346 2494 623 2549 Deproperare
646 2493 735 2546 apio
761 2503 929 2532 coronas
950 2520 955 2526 .

1415 1484 1513 1530 *10

1460 1855 1508 1898 ¹5

1454 2208 1507 2238 20
