1592 2898
234 241 330 276 200
443 226 505 296 Q.
571 218 947 307 H'ORAJTII
1008 226 1316 278 FLACCI

231 332 407 374 Cerritus
429 332 503 374 fuit
520 333 535 373 ?
556 347 604 374 an
629 346 844 376 commotae
864 335 1025 377 crimine
1047 338 1188 380 mentis

232 394 429 437 Absolves
446 397 640 437 hominem
655 429 668 447 ,
688 399 730 439 &
756 397 908 439 sceleris
928 399 1124 441 damnabis
1142 400 1332 452 eundem,

232 457 291 497 Ex
319 471 429 499 more
447 458 650 506 imponens
673 472 839 512 cognata
863 461 1061 502 vocabula
1085 462 1228 505 rebus?
1267 500 1269 502 .
1426 460 1506 506 280

229 519 452 562 Libertinus
473 534 581 571 erat,
607 523 676 576 qui
694 523 843 564 circum
861 525 1034 577 compita
1060 524 1181 566 ficcus

231 582 364 623 Lautis
388 597 503 625 mane
528 584 641 626 senex
661 586 840 627 manibus
864 587 1063 628 currebat:
1094 587 1160 635 δι,
1181 587 1343 635 Unum,

233 645 460 699 (Quiddam
486 660 670 702 magnum
691 647 861 700 addens)
886 662 1006 689 unum
1032 661 1095 689 me
1121 648 1264 703 surpite
1289 649 1439 700 morti,

232 706 309 748 Dis
326 710 468 750 etenim
496 708 610 750 facile
630 709 710 759 est,
735 711 897 761 orabat3
921 709 1036 751 sanus
1057 710 1228 765 utrisque

233 769 406 811 Auribus
421 782 540 824 atque
553 772 679 814 oculis
687 786 702 822 ;
718 785 884 813 mentem
894 804 907 821 ,
928 773 995 813 nisi
1011 772 1197 827 litigiosus
1207 804 1223 822 ‚
1428 773 1503 828 285

235 833 445 884 Exciperet
462 835 665 883 dominus,
682 848 773 876 cum
795 836 1002 877 venderett
1025 836 1102 878 hoc
1120 850 1283 893 quoque
1297 836 1445 891 vulgus

236 897 484 952 Chrysippus
512 899 619 951 ponit
640 897 821 940 foecunda
840 899 880 938 in
902 909 1019 952 gente
1043 899 1215 941 Meneni.

232 959 433 1012 Iuppiter,
457 961 630 1014 ingentes
653 961 721 1014 qui
738 961 804 1001 das
826 959 1038 1014 adimisque
1058 961 1240 1010 dolores,

234 1021 363 1062 Mater
382 1023 435 1062 ait
455 1023 565 1076 pueri
588 1022 732 1064 menses
751 1023 830 1076 jam
850 1023 1025 1077 quinque
1047 1024 1251 1074 cubantis,

231 1084 383 1138 Frigida
400 1085 428 1125 st
452 1099 616 1139 puerum
637 1098 824 1139 quartana
848 1086 1068 1140 reliquerit,
1092 1086 1162 1128 illo
1430 1100 1510 1143 290

229 1149 355 1189 Mane
376 1150 464 1197 die,
488 1164 572 1203 quo
595 1162 638 1191 tu
665 1150 798 1192 indicis
824 1149 995 1203 jejunia⁷
1031 1150 1160 1193 nudus

231 1213 276 1253 ln
302 1214 434 1254 Tiberi
459 1214 591 1255 stabit:
621 1213 734 1255 casus
761 1214 978 1257 medicusve
998 1214 1141 1257 levarit

234 1279 399 1331 AEgrum
419 1293 468 1320 ex
490 1279 699 1332 praecipiti,
724 1291 847 1319 mater
871 1280 989 1320 delira
1017 1281 1168 1322 necabit

233 1339 278 1379 In
300 1341 423 1394 gelida
442 1341 562 1382 fixum
587 1342 669 1395 ripa
684 1373 698 1390 ‚
715 1341 932 1396 febrimque
957 1343 1129 1384 reducet.

235 1402 392 1456 Quone
414 1403 518 1444 malo
542 1415 709 1444 mentem
735 1404 916 1445 concussa
932 1406 949 1447 ?
966 1405 1106 1447 timore
1127 1405 1322 1447 Deorum.
1429 1417 1506 1460 295

233 1463 335 1503 Haec
355 1464 449 1504 mihi
464 1463 685 1513 Stertinius,
707 1464 916 1518 sapientum
935 1466 1099 1508 octavus
1112 1495 1123 1510 ,
1146 1467 1276 1507 amico

235 1524 360 1565 Arma
381 1525 505 1573 dedit,
528 1525 688 1578 posthac
713 1538 761 1567 ne
785 1527 1040 1580 compellaret·
1055 1527 1216 1568 inultus.

236 1584 393 1626 Dixerit
418 1588 588 1627 insanum
608 1589 674 1640 qui
698 1600 786 1635 me,
809 1588 972 1629 totidem
995 1589 1151 1637 audiet3
1179 1599 1298 1643 atque

234 1647 440 1689 Resoicere
459 1650 597 1701 ignoto
618 1648 735 1689 discet
756 1649 958 1702 pendentia
980 1661 1103 1702 tergo.
1121 1670 1204 1680 -—

233 1708 386 1759 Stoice,
409 1709 494 1763 post
518 1710 700 1751 damnum
720 1709 773 1750 fic
799 1712 945 1752 vendas
965 1711 1097 1753 omnia
1125 1711 1268 1765 pluris:
1432 1724 1510 1766 300

236 1771 335 1824 Qua
354 1785 417 1812 me
437 1772 596 1813 stultitia
617 1772 833 1827 (quoniam
860 1786 943 1814 non
966 1773 1021 1814 est
1041 1786 1162 1829 genus
1183 1773 1341 1827 unum)

235 1832 408 1874 Insanire
438 1834 581 1888 putas?
607 1848 683 1887 ego
711 1847 799 1875 nam
819 1835 957 1876 videor
978 1834 1068 1875 mihi
1087 1834 1212 1876 sanus.
1232 1857 1314 1867 —-

235 1894 374 1947 Quid,
399 1908 515 1947 caput
539 1894 739 1937 absciffum
765 1896 922 1936 demens
947 1908 1038 1936 cum
1066 1908 1198 1950 portat
1219 1897 1358 1952 Agave

234 1958 357 1999 Gnati
376 1958 560 2006 infelicis,
587 1959 655 1999 fibi
679 1969 763 2000 tum
791 1959 934 2000 furiosa
963 1959 1240 2000 videtur?—-

234 2018 405 2060 Stultum
432 2033 494 2061 me
514 2019 640 2061 fateor
660 2020 807 2074 (liceat
831 2022 1044 2062 concedere
1070 2020 1202 2074 veris)
1432 2034 1508 2078 305

233 2084 370 2136 Atque
391 2084 505 2124 etiam
528 2084 727 2136 insanum;
749 2096 899 2126 tantum
928 2085 1006 2127 hoc
1023 2083 1202 2134 ediffere,
1225 2097 1311 2137 quo
1337 2096 1402 2126 me

233 2148 441 2198 AEgrotare
463 2157 575 2199 putes
601 2149 718 2188 animi
739 2147 1139 2200 vitio?-Accipe:
1163 2146 1334 2199 primum

235 2207 419 2249 AEdificas
433 2239 445 2258 ,
465 2207 542 2250 hoc
560 2207 636 2257 est,
657 2208 800 2262 longos
823 2208 1008 2257 imitaris,
1033 2207 1083 2248 ab
1104 2207 1186 2247 imo

233 2269 298 2309 Ad
322 2267 511 2308 summum
535 2279 644 2310 totus
666 2269 813 2310 moduli
839 2269 1048 2323 bipedalis3
1071 2267 1111 2309 δι
1134 2267 1240 2309 idem

235 2328 421 2382 Corpore
445 2329 633 2382 majorem
662 2330 762 2370 rides
782 2330 986 2371 Turbonis
1007 2331 1045 2368 in
1070 2328 1187 2369 armis
1434 2341 1512 2383 3¹0

232 2388 416 2444 Spiritum
442 2390 483 2431 δι
505 2390 711 2432 incessum:
737 2391 810 2442 qui
834 2390 1019 2432 ridiculus
1046 2391 1172 2431 minus
1201 2388 1301 2430 illo?

233 2455 300 2496 An
323 2457 586 2510 quodcunque
608 2455 699 2498 facit
719 2455 915 2497 Maecenas
928 2487 941 2505 ‚
963 2467 1003 2496 te
1027 2467 1188 2510 quoque
1207 2467 1346 2498 verum
1363 2452 1440 2505 est,

234 2517 370 2561 Tanto
397 2518 639 2568 diffimilem,
656 2519 698 2561 δι
722 2528 833 2560 tanto
856 2529 1003 2561 certare
1024 2518 1246 2560 minorem?
