1592 2898
220 264 347 306 XLII
469 258 795 307 NOTITIA
839 260 1249 310 LITERARIA

381 344 478 385 dius
506 349 541 387 ἃ
563 347 798 387 emendatius
826 358 894 400 per
928 349 1066 401 Georg.
1087 350 1283 391 Fabricium
1308 348 1491 390 Chemnia‘

381 399 546 441 censem.
569 424 612 432 —
631 403 833 443 Accedunt
849 402 911 451 Jo.
933 404 1112 458 Hartungi
1129 404 1262 444 breves
1278 403 1372 444 obff.
1390 402 1492 443 Alter

381 461 509 494 tomus
538 455 655 495 habet
679 467 823 496 comm.
855 458 1026 505 Lancfini,
1056 466 1138 497 tum
1164 458 1204 498 in
1228 458 1357 498 Artem
1386 464 1492 508 poet.

380 509 513 562 Luisim‘
521 539 532 554 ,
556 509 718 563 Grifola'i,
732 511 878 563 Jafimis
890 513 930 551 de
943 513 1083 560 Nores,·
1100 513 1194 552 item
1207 520 1315 551 notas
1326 510 1468 563 Erasmi
1477 537 1491 557 ,

379 563 488 611 Abii,
506 565 709 615 Rhodigini‚
727 565 900 605 Politiani
912 594 923 613 ,
945 566 1129 614 sabellici,
1143 566 1202 605 Ba
1226 577 1249 605 t.
1267 565 1343 613 Pii,
1364 563 1492 606 Jacobz‘

377 617 517 657 Bonon.
543 619 589 657 P.
609 619 754 667 Criniti,
778 620 954 659 Glareani.
981 619 1087 660 Bastl.
1108 632 1175 670 per
1236 619 1408 659 enricum
1424 617 1494 659 Pe-

379 671 438 711 tri.
456 671 589 713 Mense
604 673 708 723 Sept.
728 685 842 726 1555,
857 672 925 713 fol.
949 673 1078 715 Editio
1096 673 1270 725 praestans
1289 675 1324 713 δι
1341 672 1493 712 raritate

381 727 418 765 &
432 724 616 766 bonitate.
631 726 801 778 Operam
818 727 920 766 enim
939 739 1006 778 per
1020 726 1162 767 multos
1176 739 1295 767 annos
1310 726 1492 767 affiduam

379 778 508 831 posuit
522 779 715 820 Fabricius
731 781 770 819 in
791 780 1029 821 restituendis
1045 781 1241 822 veteribus
1259 780 1494 822 Scholiastis.

221 833 516 874 ——Frane.
532 836 741 882 Robortelli,
758 833 930 876 Utinens.
951 834 1182 888 Paraphrafis
1202 835 1241 874 ln
1263 834 1400 876 librum
1412 834 1494 875 Ho-

381 890 483 936 ratii,
503 889 567 939 qui
601 889 719 940 vulgo
746 889 795 928 de
819 890 908 930 Arte
932 888 1084 930 Poetica
1110 889 1160 929 ad
1185 888 1336 930 Pisones
1361 887 1493 929 inscri-

381 941 511 983 bitur:
538 943 716 993 Ejusdem
743 940 956 996 Explicatio
981 944 1031 983 de
1053 944 1199 996 Satyra,
1227 943 1276 982 de
1300 943 1498 994 Epigram-

378 1005 507 1043 mate‚
534 997 582 1036 de
609 997 839 1043 comoedia,
860 997 908 1036 de
939 996 1109 1047 Salibus‚
1140 998 1190 1038 de
1221 996 1360 1048 Elegia.
1395 997 1493 1047 Quae

379 1051 511 1090 omnia
532 1051 662 1091 addita
685 1051 733 1091 ab
751 1051 914 1092 Auctore
941 1050 1118 1099 fuerunt,
1139 1059 1182 1090 ut
1204 1050 1299 1092 nihil
1318 1052 1423 1102 qnod
1443 1051 1494 1090 ad

379 1105 575 1156 poeticam
608 1105 820 1156 speetaret,
853 1104 1053 1145 defiderari
1084 1104 1209 1158 poffit.
1245 1104 1346 1147 Nam
1374 1105 1414 1144 in
1447 1105 1494 1145 iis

380 1158 590 1199 scribendis
607 1159 813 1201 Aristotelis
828 1158 1056 1199 methodum
1073 1159 1254 1200 servavit:
1273 1161 1309 1199 ἃ
1323 1171 1371 1199 ex
1382 1158 1496 1211 ipfim

381 1212 515 1253 libello
537 1214 584 1252 de
599 1214 689 1255 Arte
700 1215 851 1266 poetica
870 1213 1054 1265 principia
1076 1212 1206 1253 sumsit
1224 1213 1398 1253 omnium
1414 1211 1496 1252 sua-

380 1280 468 1307 rum
501 1267 821 1319 explicationum.
843 1267 912 1307 Per
932 1267 994 1317 Jo.
1016 1268 1260 1319 Hervagium.
1288 1266 1395 1308 Bam.
1423 1266 1495 1308 fol.

222 1320 514 1372 ——Opera
535 1335 623 1362 cum
649 1329 857 1363 comment.
872 1323 1041 1370 Acronis,
1065 1334 1134 1373 per
1148 1324 1273 1377 Georg.
1288 1321 1500 1362 Fabricium.

221 1375 572 1525 ——idilligige
589 1431 680 1471 Arte
701 1430 870 1482 poetica,
888 1442 956 1482 per
980 1430 1159 1470 Gualther.
1180 1403 1388 1471 Fabricium.
1412 1427 1499 1470 Col.

419 1498 474 1535 gr.
526 1516 536 1525 .

386 1538 529 1591 Opera,
547 1550 636 1578 cum
663 1537 816 1578 scholiis
843 1536 1090 1579 diversorum.
1118 1536 1254 1579 Colon.
1278 1537 1317 1580 8.
1446 1582 1448 1586 ,

220 1605 474 1631 ——cum
495 1602 705 1632 comment.
725 1595 813 1632 Ant.
835 1593 968 1632 Mureti
987 1594 1022 1632 δι
1043 1593 1133 1632 Aldi
1153 1591 1336 1640 Munatii,
1354 1590 1500 1631 additis

386 1646 541 1687 scholiis
565 1647 625 1696 Jo.
643 1646 767 1688 Mich.
781 1648 886 1687 Bruti
907 1647 956 1686 ad
977 1645 1094 1686 libros
1117 1645 1292 1687 Odarum
1314 1646 1351 1686 ἀ
1372 1644 1498 1696 Epod.
1579 1657 1582 1659 ’

387 1703 488 1751 apud
506 1701 678 1743 Paullum
702 1700 809 1742 Man.
829 1701 914 1741 Aldi
935 1700 982 1741 F.
997 1701 1130 1741 Venet.
1152 1700 1191 1740 8.
1239 1709 1261 1714 ''
1303 1744 1306 1747 ‚

229 1757 330 1810 1556
386 1755 566 1796 Poemata
589 1755 740 1795 scholiis
763 1747 960 1803 brev'ibus,
989 1753 1108 1806 iisque
1130 1752 1375 1802 doetiffimis,
1400 1750 1499 1794 illu-

386 1809 513 1858 strata,
533 1823 592 1862 ap.
615 1809 759 1851 Thom.
783 1808 1028 1850 Richardum.
1055 1807 1162 1849 Paris.
1188 1823 1226 1857 4.

225 1864 450 1914 ——Jo
475 1864 576 1906 Paul.
612 1865 748 1917 Caesarii
767 1864 1027 1904 Commentar.
1052 1865 1093 1902 in
1120 1860 1284 1904 XXXII
1315 1862 1365 1914 Q.
1383 1861 1437 1900 H.
1453 1860 1498 1901 F.

388 1919 508 1960 odas.
527 1919 672 1959 Romae.
692 1918 730 1958 8.
1322 1954 1333 1966 ὓ

391 1975 531 2024 Opeta,
549 1985 637 2012 cum
659 1973 816 2012 metrica
838 1972 1049 2012 carminum
1065 1970 1211 2010 ratione·
1222 2000 1233 2017 ‚
1249 1970 1286 2009 ἃ
1298 1978 1400 2020 augg.
1414 1966 1499 2006 ubi·
1515 2008 1518 2011 ,

387 2041 462 2078 que
483 2027 684 2071 illustrata.
707 2038 788 2066 tum
821 2027 937 2066 etiam
960 2023 1164 2066 dod'tiffim.
1189 2023 1309 2064 Vltor.
1344 2022 1499 2063 Aemi-r

388 2084 459 2121 ἃς.
481 2083 661 2122 Annotat.
685 2080 768 2120 Col.
789 2082 874 2130 Agr.
898 2080 935 2120 8.

224 2135 539 2187 ——Opera‚
554 2136 656 2187 apud
680 2135 794 2176 Mart.
811 2134 986 2175 Nutium.
1015 2135 1124 2173 AntV.
1146 2145 1205 2172 12.

230 2199 332 2242 1557
388 2201 476 2229 cum
495 2187 808 2229 annotationibus
826 2189 946 2228 Theod.
963 2188 1163 2232 Pulmanm',
1176 2180 1340 2226 Craneb.
1353 2183 1502 2226 1330υά.-

388 2244 579 2285 Martinus
602 2244 753 2284 Nutius.
776 2243 887 2283 Antv.
912 2242 950 2282 8.
971 2242 1038 2283 Ed.
1063 2252 1112 2280 ex
1137 2239 1279 2281 Aldino
1300 2247 1411 2278 textu
1428 2239 1502 2278 ἀπ·

390 2300 471 2345 (sta,
507 2297 570 2338 sed
601 2298 653 2337 ob
686 2297 868 2337 emendd.
899 2295 1100 2336 Pulmanni
1127 2294 1164 2334 ἂ
1186 2292 1347 2333 collatos
1376 2292 1424 2333 ab
1450 2302 1497 2332 eo

391 2351 500 2392 Codd
541 2352 722 2404 perutilis.

225 2405 591 2455 vn-——Poemata‚
614 2417 704 2499 {um
724 2416 865 2445 comm.
882 2403 940 2445 M.
962 2404 1051 2444 Ant.
1066 2400 1210 2443 Mureti.
1236 2400 1346 2454 Apud
1359 2399 1501 2442 Aldum

389 2462 470 2510 jun.
496 2461 588 2499 Ven.
643 2490 653 2500 .

226 2526 479 2553 ——cum
501 2513 668 2554 scholiis.
692 2514 776 2554 Ant.
798 2512 837 2554 8.

225 2579 482 2616 g——cum
503 2577 715 2610 comment.
728 2567 820 2612 Adr.
843 2566 1001 2608 Turnebi.
1021 2563 1136 2608 Parit.
1158 2564 1196 2607 8.
