1592 2898
204 248 295 314 196
404 247 467 316 Q
532 238 907 291 HORATII
974 232 1281 284 FLACCI

197 357 263 398 Nil
282 354 371 396 sane
393 352 511 401 fecit,
534 350 643 406 qnod
667 360 711 390 tu
729 346 960 402 reprendere
976 342 1116 398 poffis:

198 418 293 460 Non
308 416 481 469 Pyladen
509 413 615 454 ferro
637 411 791 452 violare
811 407 972 450 aususve
991 406 1167 448 sororem

199 481 415 523 mearam:
439 487 588 516 tantum
613 472 807 515 maledicit
827 470 1008 523 utrique,
1035 466 1218 508 vocando
1401 470 1480 513 140

200 544 317 584 Hanc
329 573 340 590 ‚
355 540 536 587 Furiam3
561 537 665 577 hunc
677 567 686 583 ,
702 534 830 581 aliud,
849 531 954 587 juffit
973 531 1083 586 quod
1101 526 1291 583 splendida
1312 523 1411 568 bilis.

200 604 354 658 Pauper
375 601 560 654 Opimius
581 597 729 652 argenti
752 595 864 650 positi
890 595 994 635 intus
1016 592 1059 634 &
1078 591 1188 641 auri„

205 667 295 721 Qui
319 657 585 717 Veientanum
603 659 703 702 festis
730 670 867 714 potare
892 657 1027 699 diebus

206 728 407 779 Campana
432 723 567 765 solitus
586 720 721 769 trulla,
747 729 997 772 vappamque
1021 713 1222 770 profestis,

206 786 426 842 Quondam
453 784 632 837 lethargo
655 780 790 835 grandi
814 778 869 820 est
886 777 1109 833 oppreffus‚
1134 786 1180 816 ut
1201 775 1313 816 heres
1405 781 1479 828 145

206 853 291 894 Jam
319 850 467 891 circum
492 846 649 887 loculos
666 845 709 885 &
732 843 864 885 claves
888 842 1002 882 laetus
1023 838 1228 892 ovansque

207 912 417 954 Curreret:
441 909 546 949 hunc
567 906 740 947 medicus
759 904 924 946 multum
949 902 1051 943 celer
1073 911 1193 954 atque
1216 896 1339 939 fidelis

207 975 363 1017 Excitat
385 974 461 1012 hoc
479 970 621 1024 paeto:
640 965 810 1008 mensam
827 965 920 1019 poni
940 963 1074 1017 jubet,
1095 972 1214 1015 atque

209 1038 366 1081 Effundi
385 1036 520 1076 saccos
540 1043 819 1079 nummorum3
842 1028 1029 1069 accedere
1047 1026 1178 1080 plures

211 1099 276 1140 Ad
296 1095 600 1138 numerandum:
619 1092 818 1133 hominem
834 1089 886 1131 fic
900 1089 1031 1142 erigit:
1049 1087 1154 1128 addit
1173 1084 1217 1126 &
1236 1081 1354 1132 illud,
1409 1089 1488 1135 150

211 1163 266 1204 Ni
285 1174 351 1202 tua
367 1159 557 1204 custodis,
580 1155 720 1198 avidus
734 1154 812 1207 iam
828 1153 913 1194 haec
934 1149 1085 1193 auferet
1108 1149 1314 1190 heres.—

213 1223 339 1272 Men’,
355 1220 477 1262 vivo?
497 1241 542 1250 —
558 1217 615 1259 Ut
640 1215 753 1256 vivas
773 1214 914 1269 igitur,
933 1210 1071 1266 vigila:
1100 1209 1178 1250 hoc
1198 1219 1283 1263 age.
1303 1227 1351 1237 -
1376 1201 1495 1258 Quid·
1514 1258 1516 1261 ἱ
1586 1231 1590 1234 «

515 1281 606 1323 vis?
622 1297 696 1312 —-

213 1349 410 1393 Deficient
429 1347 589 1399 inopem
614 1354 730 1382 venae
756 1351 795 1381 te
807 1369 822 1387 ,
853 1336 892 1378 ni
908 1336 1019 1378 cibus
1036 1343 1154 1388 atque

214 1415 355 1468 Ingens
377 1409 530 1451 accedat
553 1404 754 1446 stomacho
782 1400 926 1442 fultura
947 1396 1087 1438 ruenti.

216 1475 284 1516 Tu
298 1472 439 1514 cessas?
455 1468 619 1523 agedum
631 1495 644 1512 ,
665 1464 772 1504 sume
786 1462 864 1502 hoc
884 1458 1135 1514 ptisanarium
1151 1464 1300 1506 oryzae.
1314 1472 1361 1483 —
1415 1459 1490 1502 155

218 1535 373 1591 Quanti
386 1543 498 1575 emtae
513 1530 527 1570 ἓ
541 1551 587 1561 ·-
598 1528 743 1569 Parvo.
753 1547 800 1557 —
817 1522 970 1578 Quanti
983 1533 1079 1573 ergo
1093 1518 1109 1559 ἓ
1125 1539 1171 1549 -
1184 1513 1491 1558 Gauium.—

526 1590 635 1632 Eheu
655 1590 666 1629 Ξ

221 1660 331 1715 Quid
348 1656 485 1705 refert,
497 1653 663 1699 morbo,
682 1662 732 1690 an
752 1646 864 1688 furtis
876 1674 889 1694 ‚
910 1653 1118 1698 pereamve
1133 1637 1276 1693 rapinis
1291 1635 1307 1676 ἓ
1320 1654 1401 1666 --

222 1721 416 1778 Quisnam
448 1718 566 1774 igitur
595 1714 731 1756 sanus?
760 1731 831 1743 --
856 1707 945 1762 Qui
981 1716 1064 1746 non
1099 1701 1251 1744 stultus.
1279 1718 1354 1732 --
1384 1693 1496 1751 Quid
1585 1720 1592 1726 t

521 1785 690 1829 avarus?
706 1804 792 1816 —-

224 1856 374 1899 Stultus
391 1853 430 1895 &
445 1851 611 1894 insanus.
627 1869 706 1880 -—-
720 1844 859 1899 Quid?
882 1840 912 1882 fi
935 1839 1024 1895 quis
1044 1848 1127 1878 non
1147 1833 1194 1875 sit
1217 1844 1386 1882 avarus,

225 1919 433 1962 Continuo
449 1914 584 1956 sanus?
597 1933 643 1943 -
655 1909 830 1951 Minime.
844 1927 890 1936 —
902 1902 1001 1952 Cur,
1012 1899 1168 1941 Stoice?
1182 1918 1228 1929 --
1237 1895 1393 1938 Diam.
1423 1889 1500 1935 160

225 1983 321 2024 Non
347 1979 401 2021 est
422 1977 619 2020 cardiacus
641 1972 877 2026 (Craterum
893 1964 1022 2007 dixiffe
1043 1959 1208 2018 putato)

228 2045 304 2086 Hic
328 2055 444 2096 aeger.
468 2038 591 2081 Recte
609 2035 664 2077 est
686 2034 831 2088 igitur,
850 2026 1083 2083 surgetque?
1107 2020 1302 2075 Negabit;

228 2108 357 2162 Quod
375 2106 476 2145 latus
499 2112 567 2142 aut
591 2109 704 2140 renes
725 2094 867 2136 morbo
887 2099 1086 2132 tententur
1107 2094 1242 2125 acuto.

227 2171 324 2212 Non
347 2166 407 2207 est·
424 2163 627 2221 perjurus,
651 2171 781 2213 neque
806 2153 1000 2200 sordidus3
1022 2146 1198 2190 immolet
1220 2141 1345 2199 aequis

229 2232 310 2276 l-lic
325 2240 489 2284 porcum
507 2224 694 2265 Laribus:
713 2231 851 2260 verum
873 2210 1098 2256 ambitiosus
1120 2207 1164 2248 δι
1194 2206 1346 2254 audax3
1428 2201 1504 2258 165

230 2293 401 2345 Naviget
422 2288 679 2340 Anticyram:
703 2281 795 2336 quid
816 2279 922 2321 enim
944 2273 1094 2321 differt,
1117 2267 1351 2310 barathrone

231 2354 373 2398 Dones
391 2348 575 2405 quidquid
596 2346 737 2392 habes,
763 2356 813 2383 an
831 2349 1030 2393 nunquam
1052 2345 1165 2375 utare
1188 2329 1355 2384 paratis!

232 2415 395 2459 Servius
411 2409 606 2464 Oppidius
628 2402 777 2446 Canusi
798 2402 878 2442 duo
902 2396 1067 2453 praedia,
1091 2393 1201 2435 dives

233 2478 412 2530 Antiquo
428 2471 543 2516 censu
558 2501 571 2521 ‚
600 2469 699 2510 natis
722 2464 852 2507 divisse
873 2461 1026 2502 duobus

233 2540 392 2589 Fertur,
413 2537 454 2578 &
471 2534 556 2575 haec
576 2531 746 2574 moriens
765 2525 896 2582 pueris
915 2520 1046 2566 dixiffe
1071 2516 1227 2563 vocatis
1433 2521 1511 2566 ¹70
