1592 2898
288 266 735 326 *EPODON‘
795 230 1172 333 ,LI‘BERJ

86 388 164 430 mc
185 383 400 427 irreseflum
425 382 530 425 saeva
552 383 667 424 dente
689 380 834 431 livido

138 444 296 490 Canidia
311 445 453 487 rodens
473 444 678 498 pollicem,
826 457 828 459 ’

86 509 196 564 Quid
220 506 337 548 dixit?
355 518 425 548 aut
445 506 539 560 quid
562 504 707 547 tacuit?
732 502 776 545 O
799 502 918 544 rebus
939 501 1038 543 meis

138 569 231 610 Non
253 566 426 608 infideles
449 567 629 615 arbitrae,

84 631 203 679 Nox,
229 629 271 671 δι
291 629 446 678 Diana,
470 641 563 682 quae
581 596 770 668 fil’entium
796 624 922 680 regis,

139 693 295 734 Arcana
314 703 406 732 cum
435 689 535 731 fiunt
554 687 683 736 sacra;

46 772 50 774 ·
86 755 206 797 Nunc
224 767 327 795 nunc
347 752 495 794 adeste:
519 764 624 792 nunc
648 751 688 791 in
716 741 873 791 hostiles
894 720 1035 791 deuios

94 814 239 855 Iram
265 825 385 868 atque
409 819 555 854 numen
582 813 735 853 vertite.

27 895 29 897 >
85 875 363 918 Formidolosae
386 877 479 916 dum
498 875 620 916 latent
642 873 749 915 filvis
770 873 890 921 ferae,

141 937 260 978 Dulci
282 935 423 991 sopore
442 937 637 990 languidae
651 966 667 983 ,

88 1001 227 1043 Senem
248 1001 384 1054 (quod
402 1013 539 1041 omnes
555 998 731 1053 rideant)
757 998 974 1039 adulterum

142 1065 302 1106 Lati-ent
321 1064 533 1105 Suburanae
554 1075 693 1111 canes,

89 1127 225 1169 nardo
247 1125 473 1180 perunRum
486 1155 499 1173 ‚
521 1124 637 1178 quale
657 1136 740 1165 non
765 1122 970 1178 perfeffius

144 1190 249 1230 Mete
270 1188 480 1228 laborarint
503 1198 652 1226 manus.

93 1249 209 1304 Quid
230 1249 387 1290 accidit.
377 1247 402 1275 ³·
418 1259 491 1288 cur
512 1247 595 1287 dira
620 1246 794 1294 barbarae
814 1247 940 1286 minus

148 1312 313 1351 Venena
334 1309 484 1349 Medeae
507 1308 665 1356 valent,

94 1372 259 1427 Quibus
278 1370 479 1424 superbam
503 1368 603 1423 fitgit
620 1369 703 1410 ulta
729 1368 931 1424 pellicem,

127 1432 282 1486 Magni
299 1431 480 1473 Creontis
494 1430 637 1478 filiam,

93 1493 200 1543 Cum
224 1493 350 1546 palla,
376 1492 470 1533 tabo
494 1504 636 1533 munus
658 1491 881 1539 imbutum,
903 1503 1052 1533 novam

146 1554 332 1596 Inoendio
353 1565 517 1608 nuptam
546 1553 728 1594 abstulit?
816 1586 820 1589 .

96 1614 221 1669 Atqui
243 1627 316 1656 nee
342 1614 488 1661 herba,
518 1627 591 1655 nec
609 1614 760 1655 latens
750 1626 788 1654 ιιι
813 1612 952 1668 asperis

148 1675 277 1715 Radix
295 1674 427 1716 fefellit
453 1688 515 1715 me
537 1675 645 1716 locis.

96 1736 286 1778 Indormit
311 1737 438 1778 ιιιιᾶἰς
463 1737 641 1778 omnium
663 1736 855 1778 cubilibus

150 1796 364 1839 oblivione
387 1797 580 1850 pellicum.

97 1858 188 1900 Ah!
214 1858 285 1898 ah!
309 1857 457 1898 solutus
477 1857 647 1899 ambulat
671 1856 858 1901 veneficae

152 1918 377 1960 scientioris
395 1919 576 1959 carmine.

99 1979 196 2021 Non
220 1979 391 2028 ufitatis,
412 1980 544 2029 vare,
573 1978 796 2033 potionibus

156 2041 228 2095 (O
248 2043 369 2084 multa
390 2043 571 2084 fleturum
595 2043 762 2096 caputl)

102 2102 168 2143 Ad
189 2116 252 2144 me
275 2116 484 2153 tecm-1³33
504 2118 575 2146 nec
595 2115 735 2146 vooeta
757 2116 866 2145 mens
887 2115 956 2145 tua

156 2164 292 2205 Martis
305 2166 439 2206 redibit
458 2166 638 2207 vocibus.

103 2225 234 2278 Maius
254 2228 423 2280 parabo,
449 2228 575 2281 majus
598 2228 792 2270 infundam
821 2228 893 2269 tibi

158 2286 370 2328 Fastidienti
390 2290 587 2342 poculum.

105 2346 287 2401 Priusque
309 2349 449 2390 coelum
474 2350 565 2391 fidet
588 2350 747 2392 inferius
767 2350 892 2402 mari,

160 2408 318 2450 Tellure
340 2411 516 2464 porrefia
541 2412 675 2466 super,

106 2469 241 2523 Quam
265 2484 345 2512 non
363 2485 494 2530 amore
517 2473 568 2515 fic
591 2488 682 2517 meo
706 2475 869 2531 flagres,
887 2474 951 2517 uti

150 2532 339 2574 *Bitumen
360 2535 450 2575 atris
471 2535 632 2590 ignibus.

1248 283 1344 333 ¹33

1304 572 1354 615 50

1308 872 1355 923 5'5

1310 1812 1366 1852 70

1308 2118 1362 2162 75

1310 2413 1365 2455 80
