1592 2898
244 264 337 310 204
436 253 498 322 Q·
567 230 950 304 HoRA’rn
1015 243 1317 310 FLAcm

238 355 399 397 Ducere
425 370 487 398 me
508 359 681 400 auditum
698 391 711 409 ,
735 373 871 415 perges
894 358 1154 418 quocunque,
1176 361 1386 407 memento.
1423 361 1425 363 ’

237 416 340 458 Nam
368 419 549 473 quamvis
575 419 718 462 referas
737 423 901 463 memori
923 424 1014 464 mihi
1038 427 1194 478 pectore
1214 428 1379 477 cuncta,⁴
1453 439 1508 483 9ο

235 477 331 519 Νοη
355 491 484 520 tamen
510 482 698 536 interpres
719 484 942 525 tantundem
969 483 1141 539 juveris:
1170 489 1264 528 adde

236 539 403 580 Vultum
429 541 683 597 habitumque
705 544 900 597 hominis;
924 561 1038 599 quem
1068 561 1110 590 tu
1140 550 1275 591 vidiffe
1295 552 1454 601 beatus,

236 601 332 642 Non
362 605 486 657 magni
515 607 673 661 pendis,
697 610 787 663 quia
809 612 995 666 contigit:
1025 624 1066 652 at
1088 612 1179 654 mihi
1207 627 1302 655 cura

235 664 328 705 Non
356 669 557 709 mediocris
582 671 677 711 inest
691 704 703 721 ‚
726 672 859 714 'fontes
886 685 929 714 ut
955 676 1060 715 adire
1080 689 1278 727 remotos,

235 730 370 784 Atque
388 731 541 793 haurire
574 748 715 789 queam
739 738 831 778 vitae
857 750 1049 794 praecepta
1069 740 1207 782 beatae.
1450 754 1501 798 95

601 939 637 983 S
669 940 709 984 A
749 920 794 984 T
819 927 850 984 ι’
876 936 925 985 R
949 940 989 986 A
1058 944 1115 987 V.

269 1087 338 1129 IN
380 1086 846 1129 CAPTATous
883 1087 963 1129 ET
1004 1087 1466 1135 HEREDIPETAS.

228 1208 370 1282 Hoc
397 1251 557 1292 quoque
572 1269 586 1286 ,
611 1238 780 1286 Tirefia,
807 1250 948 1292 praeter
970 1251 1146 1290 narrata,
1172 1243 1317 1296 petenti
1364 1262 1388 1272 ›-

227 1298 459 1354 Responde:
490 1301 630 1355 quibus
655 1299 806 1342 amissas
826 1315 1007 1356 reparare
1032 1316 1173 1356 queam
1201 1318 1262 1345 res

225 1360 390 1402 Artibus
415 1373 534 1416 atque
558 1363 694 1404 modis.
717 1362 828 1415 Quid
854 1362 1060 1404 rides?—-
1078 1364 1215 1406 samue
1236 1365 1375 1407 doloso

225 1421 322 1464 Non
349 1423 438 1464 satis
457 1424 512 1466 est
536 1425 711 1465 Ithacam
738 1426 900 1474 revehi,
926 1425 1146 1480 patriosque
1174 1439 1331 1480 penates

224 1484 513 1538 Adspicere?-
529 1486 570 1527 O
590 1487 682 1527 nulli
702 1488 912 1542 quidquam
940 1489 1122 1538 mentite,
1145 1490 1255 1530 vides
1270 1518 1283 1538 ,
1308 1500 1354 1530 ut
1476 1501 1498 1546 ς

223 1546 365 1587 Nudus
393 1547 581 1602 inopsque
599 1549 774 1605 domuuy,
791 1550 966 1597 redeam,
987 1561 1026 1591 te
1045 1562 1160 1600 vate,
1183 1561 1310 1604 neque
1334 1550 1412 1593 illic

222 1608 309 1650 Aut
336 1609 526 1662 apotheca
556 1610 683 1663 procis
705 1610 845 1650 inta&a
871 1609 951 1658 est,
982 1619 1051 1651 aut
1075 1623 1221 1664 pecus:
1247 1613 1356 1666 atqui

221 1670 275 1711 Et
299 1683 442 1724 genus,
470 1673 513 1713 &
539 1673 688 1720 virtus,
712 1670 781 1712 nist
807 1684 898 1712 cum
924 1684 992 1720 re,
1015 1671 1137 1713 vilior
1160 1672 1247 1727 alga
1269 1672 1335 1715 est.
1354 1696 1401 1707 —

221 1732 402 1786 Quando
429 1735 676 1787 pauperiem.
707 1733 822 1774 miffis
847 1733 1096 1788 ambagibus,
1124 1734 1286 1784 horren

219 1794 394 1849 Accipe,
419 1809 497 1849 qua
523 1797 675 1836 ratione
701 1808 821 1851 queas
846 1794 1039 1841 ditescere.
1073 1796 1255 1846 Turdus,
1353 1803 1355 1806 ’
1449 1809 1497 1840 10

218 1858 314 1899 Sive
339 1859 441 1900 aliud
471 1861 627 1915 privum
657 1860 811 1901 dabitur
839 1859 932 1910 tibi,
957 1860 1114 1902 devolet
1135 1861 1252 1911 illue,

217 1918 301 1961 Res
324 1921 396 1962 ubi
426 1934 565 1976 magna
589 1922 713 1969 nitet,
734 1922 899 1963 domino
923 1922 1032 1963 sene:
1058 1923 1184 1964 dulcia
1207 1937 1348 1976 poma,

217 1980 270 2024 Et
297 1983 553 2038 quoscunque
576 1983 673 2026 feret
698 1983 827 2026 cultus
851 1985 919 2025 tibi
943 1983 1084 2026 fundus
1110 1985 1308 2036 honoroe,

216 2045 327 2087 Ante
348 2045 485 2086 Larem
512 2046 636 2101 gustet
662 2047 922 2088 venerabifior
940 2047 1041 2088 Lare
1060 2047 1193 2088 dives:

216 2106 305 2159 Qui
327 2109 508 2161 quamvis
530 2108 714 2163 perjurus
739 2110 839 2158 erit,
865 2109 947 2150 sme
971 2119 1110 2163 gente,
1138 2119 1322 2151 cruentus
1446 2124 1492 2169 ¹5

215 2168 411 2222 Sanguine
433 2168 631 2218 fraterno,
657 2170 872 2223 fugitivus3
899 2183 948 2211 ne
971 2181 1101 2210 tamen
1128 2168 1181 2209 illi

214 2229 284 2270 Tu
306 2242 439 2271 comes
463 2230 655 2278 exterior,
682 2230 709 2269 fi
736 2230 926 2284 postulet,
951 2231 1006 2270 ire
1032 2229 1194 2271 recuses.
1219 2254 1265 2263 —

213 2290 322 2332 Utne
342 2301 468 2344 tegam
489 2291 632 2344 spurco
655 2291 797 2332 Damae
818 2291 950 2331 latus?
976 2292 1077 2332 haud
1102 2292 1155 2332 ita
1179 2292 1317 2345 Trojae

213 2351 285 2393 Me
311 2351 425 2406 geffi,
449 2363 602 2395 certans
622 2352 771 2407 semper
787 2353 1022 2393 melioribus.
1039 2375 1086 2385 —
1112 2353 1217 2408 Ergo

213 2414 367 2470 Pauper
391 2416 482 2456 eris.
496 2438 542 2447 -
564 2414 723 2457 Fortem
750 2410 825 2457 hoc
843 2416 1016 2456 animum
1032 2415 1199 2457 tolerare
1213 2415 1383 2469 jubebo:
1439 2430 1494 2462 20

213 2476 263 2518 Et
289 2477 489 2531 quondam
513 2476 662 2530 majora
686 2476 775 2518 tuli.
802 2476 869 2519 Tu
888 2477 1090 2530 pronam,
1113 2477 1218 2519 unde

213 2538 386 2583 Divitias
404 2537 569 2596 aerisque
591 2552 728 2590 ruam,
752 2539 816 2582 dic
839 2538 1000 2595 Augur,
1021 2551 1201 2610 acervos
1223 2561 1270 2575 -
