1592 2898
233 222 331 276 '140
446 218 509 288 Q.
561 218 936 268 HO‘RATII
988 222 1298 272 FLACCI

233 318 307 361 Sed
336 319 432 361 alius
454 320 571 361 ardor
600 332 667 363 aut
693 322 832 378 puellae
854 324 1049 372 candidae,

287 379 373 420 Aut
394 381 526 422 teretis
553 383 689 437 pueri,
715 382 873 437 longam
900 386 1119 427 renodantis
1139 400 1306 428 comam.

679 584 871 630 ODE
930 585 1073 633 XII.

324 736 411 778 IN
465 737 710 790 ANUM
765 738 1409 786 LIBIDINOSAM.

234 849 399 943 QUID
424 890 496 931 tibi
516 891 578 932 vis
595 920 607 941 ‚
632 892 768 934 mulier
793 893 908 948 nigris
931 894 1146 950 digniffima
1170 896 1321 939 barris?

287 951 455 992 Munera
480 965 551 993 cur
582 954 677 994 mihi
692 984 703 1002 ,
727 955 875 1008 quidve
897 956 1053 997 tabellas

229 1014 381 1065 Mittis,
409 1027 483 1056 nec
504 1014 621 1056 firmo
640 1015 800 1068 juveni,
828 1029 956 1070 neque
982 1019 1088 1059 naris
1102 1013 1266 1062 obesae?

284 1077 468 1130 Namque
496 1075 669 1147 sagacius
690 1091 792 1118 unus
818 1077 968 1119 odoror
1058 1119 1061 1123 ,

229 1138 436 1192 Polypus,
459 1151 509 1179 an
532 1139 662 1193 gravis
685 1139 840 1180 hirsutis
865 1141 986 1182 cubet
1007 1141 1141 1183 hircus
1164 1142 1205 1183 in
1226 1142 1320 1193 alis,
1486 1155 1505 1198 ς

287 1200 424 1253 Quam
450 1201 555 1240 canis
584 1213 692 1247 acer,
721 1202 787 1241 ubi
818 1202 933 1242 lateat
961 1201 1035 1245 sus.

230 1262 342 1317 Quis
373 1262 491 1304 sudor
516 1263 651 1311 vietis,
681 1264 724 1305 δι
748 1277 869 1318 quam
889 1264 1012 1306 malus
1035 1266 1209 1320 undique
1239 1265 1419 1308 membris

286 1324 434 1367 Crescit
454 1326 584 1367 odor!
614 1339 706 1367 cum
733 1339 832 1380 pene
856 1326 986 1368 soluto

229 1389 468 1430 Indomitam
497 1399 682 1445 properat
701 1390 849 1431 rabiem
870 1390 1023 1441 sedare;
1048 1405 1122 1434 nec
1146 1393 1199 1433 illi

285 1453 370 1493 Jam
393 1464 526 1492 manet
545 1453 698 1493 humida
724 1447 855 1502 creta,
885 1454 1080 1508 colorque
1461 1467 1531 1499 ιο*

227 1515 414 1558 Stercore
437 1513 591 1555 fucatus
615 1516 828 1565 crocodili;
850 1515 1010 1570 jamque
1032 1516 1204 1558 subando

285 1577 413 1617 Tenta
436 1576 604 1626 cubilia,
630 1576 808 1630 teckaque
831 1577 1000 1632 rumpit;

229 1638 312 1684 Nel
339 1652 425 1680 mea
449 1651 542 1680 cum
566 1638 678 1681 saevis
704 1642 824 1694 agitat
850 1640 994 1681 fastidia
1016 1639 1172 1689 verbis3

285 1703 442 1744 Inachia
464 1703 626 1758 langues
653 1704 778 1744 minus
797 1716 844 1745 ac
866 1717 952 1745 me:

227 1763 423 1805 Inachiam
455 1776 513 1806 ter
534 1765 649 1806 nocte
670 1776 799 1818 potes:
827 1766 918 1805 mihi
941 1764 1090 1819 semper
1117 1765 1164 1805 ad
1192 1777 1317 1805 unum
1459 1776 1505 1819 ις

284 1827 418 1868 Mollis
440 1841 554 1882 opus.
581 1828 715 1869 Pereat
749 1828 877 1876 male,
901 1842 991 1882 quae
1011 1840 1079 1878 te,

229 1888 395 1935 Lesbia,
421 1889 613 1941 quaerenti
637 1900 824 1939 taurum,
851 1890 1080 1930 monstravit
1106 1871 1296 1938 inerten'u

284 1949 388 1991 Cum
410 1950 503 1990 mihi
524 1950 638 1991 Cous
660 1950 802 1992 adeffet
829 1951 1049 2023 Amyntas?

229 2014 388 2065 Cujus·
380 2027 418 2053 in
442 2014 636 2056 indomito
658 2014 896 2057 constantior
930 2015 1090 2069 inguine
1113 2027 1258 2058 nervus
1272 2045 1284 2065 ‚

287 2075 423 2128 Quam
445 2088 554 2116 nova
575 2076 740 2117 collibus
771 2077 890 2117 arbor
912 2077 1085 2117 inhaeret.
1458 2089 1510 2118 ιο

228 2137 453 2179 Muricibus
479 2137 618 2190 Tyriis
644 2138 792 2179 iteratae
818 2138 963 2180 vellera
987 2139 1086 2178 Janae

283 2201 375 2257 Cui,
391 2201 730 2254 properabantur?
755 2202 876 2242 Tibi?
900 2215 1039 2256 nempe

227 2265 291 2305 Ne
316 2263 420 2303 foret
437 2264 609 2318 aequales
632 2264 733 2304 inter
753 2264 950 2313 conviva,
981 2263 1101 2318 magis
1119 2276 1236 2318 quem

283 2328 475 2380 Diligeret
501 2327 638 2369 mulier
666 2327 759 2376 sua,
783 2342 900 2382 quam
927 2340 976 2369 te.

228 2389 271 2431 O
291 2401 370 2442 ego
393 2387 554 2436 infelix,
584 2401 700 2442 quam
727 2387 891 2443 tuffugis
907 2417 920 2436 ‚
953 2399 996 2428 ut
1015 2399 1134 2442 pavet
1162 2401 1268 2432 acres
1392 2405 1414 2422 x
1454 2403 1504 2447 25

286 2451 402 2502 Agna
429 2447 574 2502 lupos,
595 2462 826 2503 capreaeque
850 2447 995 2490 kones.
