1592 2898
0 2501 2 2511 ι

0 2552 2 2566 1

341 242 822 294 SERMONUM
878 204 1111 296 'Lm-1.
1277 266 1365 317 179

457 467 842 517 SATIRA
907 468 1002 515 IX.

101 626 107 631 ’
172 615 252 660 IN
301 615 782 661 IMPUDENTES
835 617 922 660 ΕΤ
975 619 1290 663 INEPTOS

417 704 1053 750 PARASITASTROS.

101 813 237 890 Iam
256 843 359 886 forme
378 844 447 886 via
468 843 606 894 Sacra,
630 842 729 886 ficut
748 855 859 887 meus
882 842 940 886 est
965 855 1071 896 mos,

100 906 245 949 Nescio
268 907 363 961 quid
387 907 572 948 meditans
596 919 787 961 nugarum
801 939 814 958 ,
838 908 879 948 δι
900 919 1008 949 totus
1035 909 1075 948 in
1096 905 1193 950 inis:

102 969 284 1010 Accurrit
305 968 461 1023 quidam
484 978 603 1009 notus
626 968 717 1007 mihi
742 968 901 1008 nomine
921 976 1071 1009 tantum
1084 998 1098 1018 ,

100 1029 350 1084 Arreptaque
367 1040 507 1069 manu:
523 1049 569 1058 —
583 1026 696 1081 Quid
718 1027 821 1080 agis,
844 1026 1076 1076 dulciffime‚
1095 1029 1251 1071 rerum?
1266 1050 1312 1061 —-

99 1088 300 1140 Suaviter,
325 1100 368 1130 ut
388 1101 494 1130 nunc
510 1088 588 1138 est,
602 1090 757 1142 inquam
774 1099 787 1138 ;
807 1089 849 1129 δι
864 1089 984 1143 cupio
1001 1091 1134 1131 omnia
1146 1101 1236 1144 quae
1251 1092 1327 1134 vis.
1347 1103 1368 1148 5

100 1150 206 1192 Cum
223 1150 492 1197 ass'eQaretur,
511 1149 619 1190 Num
642 1149 734 1204 quid
758 1149 844 1190 vis?
867 1162 1038 1204 occupo:
1071 1163 1110 1191 at
1128 1151 1217 1200 ille,

101 1211 222 1252 Notis
246 1224 340 1259 nos,
366 1212 516 1264 inquit3
536 1210 643 1251 doffl
662 1209 805 1252 sumus.
830 1211 904 1252 Hic
934 1224 1037 1265 ego,
1058 1211 1181 1253 Pluris

100 1273 217 1321 Hoc,
242 1273 423 1327 inquam,
446 1271 540 1312 mihi
566 1272 664 1312 eris:
692 1271 828 1312 misere
848 1271 1039 1314 discedere
1064 1285 1270 1328 quaerens,

98 1335 162 1376 Ire
182 1337 304 1376 modo
329 1335 460 1383 ocius,
475 1334 666 1375 interdum
692 1333 920 1383 consistere,
938 1335 980 1374 in
996 1345 1130 1376 aurem

99 1395 245 1438 Dicere
274 1395 404 1438 nescio
434 1397 530 1451 quid
556 1410 706 1452 puer03
730 1410 819 1439 cum
844 1395 963 1438 sudor
983 1398 1031 1438 ad
1061 1399 1163 1440 imos
1320 1410 1367 1442 xo

99 1458 278 1498 Manaret
296 1458 418 1507 talos,
437 1456 480 1498 0
502 1469 567 1506 te,
590 1457 762 1506 Bolane,
792 1457 941 1498 cerebri

97 1517 290 1560 Felicem!
319 1519 470 1572 aiebam
493 1521 658 1567 tacitus,
678 1533 770 1561 cum
792 1519 979 1573 quidlibet
997 1520 1061 1561 ille

97 1579 295 1630 Gan-iret,
318 1582 454 1632 vicos,
482 1583 616 1623 urbem
642 1582 826 1623 laudaret.
859 1582 916 1624 Ut
938 1582 993 1623 illi

95 1641 163 1682 Nil
185 1640 458 1695 respondebam
472 1671 485 1689 ‚
509 1643 651 1683 Misere
670 1646 802 1697 cupis,
827 1645 974 1698 inquit,
998 1643 1131 1691 abire,

97 1703 327 1744 Iamdudum
351 1705 493 1758 video:
519 1703 580 1744 sed
597 1705 652 1744 nil
676 1707 779 1758 agis-3
809 1704 932 1758 usque
950 1706 1121 1755 reneb03
1317 1719 1363 1763 κς

98 1762 316 1818 Persequar.
344 1764 447 1804 Hinc
462 1777 546 1818 quo
566 1766 755 1805 nuncirer
772 1766 826 1804 est
838 1766 934 1806 tibi?
952 1788 998 1796 —
1019 1767 1081 1807 Nil
1105 1779 1207 1821 opus
1223 1767 1277 1810 est
1297 1781 1337 1810 te

96 1824 336 1879 circumagi:
360 1827 551 1878 quendam
577 1826 675 1865 volo
691 1825 838 1875 visere,
857 1839 937 1867 non
964 1827 1033 1867 tibi
1055 1839 1221 1869 notum:

97 1887 226 1929 Trans
241 1887 417 1928 Tiberim
440 1888 559 1940 longe
577 1888 693 1929 cubat
712 1889 766 1936 is,
790 1901 915 1942 prope
934 1888 1093 1930 Caesaris
1115 1891 1264 1932 hortos.
1277 1915 1323 1923 —

96 1948 164 1991 Nil
185 1949 310 1990 habeo
329 1946 438 2003 quod
457 1961 592 2002 agam,
609 1949 649 1990 δι
667 1961 749 1989 non
770 1948 851 1990 sum
870 1951 1001 2004 piger;
1023 1951 1145 2005 usque
1162 1951 1296 2007 sequar
1310 1966 1361 1995 te.

96 2009 277 2051 Demitto
304 2010 512 2057 auriculas,
535 2021 580 2050 ut
603 2010 745 2063 iniquae
771 2012 909 2051 mentis
934 2011 1092 2062 asellus,
1306 2028 1360 2056 20

98 2071 203 2113 Cum
230 2074 386 2125 gravius
412 2071 527 2113 dorso
548 2072 659 2113 subiit
683 2086 797 2113 onus.
825 2072 965 2127 Incipit
990 2074 1077 2123 ille:

92 2133 137 2174 'Si
164 2134 262 2174 bene
285 2147 347 2175 me
372 2136 494 2181 novi,
523 2148 603 2174 non
620 2134 782 2174 Viscum
808 2135 927 2189 pluris
952 2137 1144 2185 amicum,

98 2196 192 2236 Non
216 2197 409 2244 Variu'm,
431 2197 571 2237 facies:
604 2210 693 2237 nam
718 2198 804 2250 quis
829 2210 891 2237 me
919 2197 1081 2238 scribere
1098 2199 1228 2252 plures

100 2257 185 2299 Aut
205 2256 315 2297 citius
338 2256 449 2310 poffit
468 2257 626 2299 versus?
660 2259 747 2311 quis
771 2259 943 2298 membra
967 2270 1132 2300 movere

97 2316 284 2358 Mollius?
312 2318 480 2358 invideat
500 2319 607 2372 quod
630 2320 669 2359 δι
697 2319 988 2373 Hermogenes,
1013 2333 1090 2374 ego
1110 2335 1237 2365 canto.
1306 2339 1354 2380 25

97 2379 364 2433 Interpella'ndi
384 2382 491 2420 locus
512 2382 573 2421 hic
595 2393 687 2421 erat.
703 2402 749 2412 ——
771 2381 832 2421 Est
853 2381 922 2421 tibi
946 2384 1092 2423 mater?

98 2441 291 2494 Cognati,
307 2441 415 2494 queis
435 2454 474 2482 te
493 2442 599 2482 salvo
618 2443 671 2483 est
692 2446 873 2496 opus?—
890 2444 1007 2484 Haud
1023 2445 1113 2484 mihi
1131 2445 1329 2501 quisquam
1343 2481 1355 2498 ‚

94 2501 245 2543 Omnes
268 2502 480 2556 composui.
496 2524 541 2534 —
561 2501 727 2544 Felices!
752 2516 856 2545 nunc
879 2516 954 2556 ego
977 2504 1102 2545 resto:
1303 2531 1306 2533 Δ

1017 2566 1059 2606 Μ
1092 2581 1113 2606 2
