1592 2898
238 220 330 270 130
440 205 502 274 Q·
568 201 941 251 HORATII
1007 201 1319 251 FLACCI

232 314 319 356 Edit
339 312 476 355 cicutis
495 311 615 352 alium
641 311 859 352 nocentius.

286 376 327 418 Ο
353 377 448 416 dura
469 374 679 415 messorum
702 374 787 416 ilia!

231 436 348 492 Quid
369 437 447 478 boc
468 436 612 478 veneni
637 435 747 477 saevit
768 435 808 476 in
836 435 1083 490 praecordiis?

287 499 396 540 Num
424 498 625 551 viperinus
646 497 704 538 his
725 510 844 539 cruor

231 560 416 604 IncoRus
441 559 571 601 herbis
599 573 663 601 me
690 559 852 601 fefellit?
877 572 928 601 an
946 559 1067 601 malas

241 626 259 643 ·'·
287 622 453 664 Canidia
478 622 659 663 tra&avit
684 621 827 675 dapes?

232 686 290 728 Ut
315 686 570 739 Argonautas
589 683 732 740 praete'r
761 697 897 726 omnes
922 684 1124 729 candidum

287 745 427 787 Medea
451 746 589 786 mirata
611 744 667 786 est
689 745 825 785 ducem
838 774 851 793 ‚

233 808 376 864 Ignota
401 808 522 848 tauris
545 807 779 861 illigatur-um
805 806 900 861 juga
914 837 928 857 ,

289 870 476 912 Perunxit
496 870 575 911 hoc
601 868 804 911 Jasonem:

233 928 326 974 Hoc
347 931 526 973 delibutis
551 931 633 972 ulta
654 931 766 972 donis
790 929 992 984 pellicem,

288 993 475 1046 Serpente
492 992 596 1048 fugit
616 992 721 1033 alite.

233 1053 320 1096 Nec
341 1064 472 1095 tantus
494 1065 668 1107 unquam
693 1046 858 1094 siderum
881 1049 1014 1091 insedit
1042 1061 1170 1105 vapor

265 1151 267 1155 ,
289 1114 507 1156 Siticulosae
532 1113 744 1168 Appuliae3
1110 1107 1117 1110 ⁴

234 1179 320 1225 Nec
342 1191 484 1219 munus
505 1177 680 1218 humeris
698 1175 864 1219 efficacis
894 1174 1075 1217 Herculis

287 1238 430 1280 Inarfit
463 1236 676 1279 aestuofius.

232 1300 318 1349 'At‚
338 1300 367 1340 fi
390 1300 482 1354 quid
510 1311 688 1353 unquam
715 1297 792 1339 tale
813 1293 1116 1350 concupiveris,

289 1362 430 1405 Jocose
455 1362 670 1409 Maecenas,
693 1373 833 1415 precor

236 1425 401 1467 Manum
425 1423 553 1477 puella
577 1422 689 1462 savio
718 1430 898 1476 opponat
921 1430 1020 1469 tuo,

289 1487 471 1530 Extrema
492 1486 534 1528 δι
555 1486 596 1526 in
628 1484 778 1541 sponda
808 1483 939 1525 cubet.

661 1581 706 1595 fa

690 1721 898 1770 GDE
958 1721 1061 1768 IV.

643 1871 662 1912 1
689 1870 730 1912 N
786 1871 834 1912 M
860 1870 893 1912 E
920 1871 958 1912 N
986 1870 1027 1912 A
1056 1870 1114 1912 M.

403 2022 578 2069 Menam,
603 2018 768 2074 Pompeji
791 2017 924 2072 Magni
947 2016 1129 2067 libertum,
1156 2013 1356 2071 infestatur}

237 2139 402 2216 Lums
424 2165 467 2206 &
486 2165 598 2219 agnis
617 2174 762 2220 quanta
780 2163 918 2205 sortito
935 2162 1102 2218 obtigit,

294 2231 450 2272 Tecum
474 2228 571 2268 mihi
595 2227 778 2269 discordia
803 2227 887 2275 est,

242 2293 401 2336 lbericis
428 2290 580 2345 peruste
604 2288 761 2331 funibus
787 2289 910 2340 latus,

297 2354 346 2394 Et
370 2366 487 2394 crura
510 2353 606 2393 dura
627 2351 828 2404 compede.

241 2416 350 2459 Licet
366 2414 553 2466 superbus
571 2412 746 2453 ambules
768 2410 931 2465 pecunia
942 2440 957 2461 ,

297 2474 474 2518 Fortuna
491 2487 572 2515 non
592 2482 716 2515 mutat
738 2485 872 2526 genus.

1468 754 1516 785 10

1465 1059 1512 1103 15

1465 1367 1518 1397 20
