1592 2898
212 230 310 292 '184
386 230 448 299 Q.
479 227 758 276 HORATII
792 228 884 276 FL.
919 227 1108 277 SERM.
1144 228 1255 276 LIB.
1290 229 1326 276 Ι.
1406 268 1412 273 .

210 337 304 378 Νοη
326 350 425 391 ego:
443 351 530 377 nam
550 336 635 377 satis
655 336 710 376 est
735 336 913 391 Equitem
933 336 1023 377 mihi
1043 336 1249 390 plaudere,
1270 348 1318 378 ur
1338 335 1486 386 audax,

209 397 431 439 Contemtis
448 399 532 438 aliis
546 427 558 444 ,
582 397 739 451 explosa
763 396 984 438 Arbuscula
1003 396 1110 437 dixit.

210 459 319 500 Men‘
348 470 508 499 moveat
526 459 653 499 cimex
670 458 879 508 Pantilius;
896 469 964 499 aut
985 459 1131 500 cruciet
1154 459 1261 513 quod

211 521 379 562 Vellicet
397 521 591 561 absentem
613 519 862 561 Demetrius?
885 531 952 561 aut
969 521 1077 575 quod
1091 521 1247 575 ineptus

210 583 385 624 Fannius
408 584 669 637 Hermogenis
691 583 803 624 laedat
825 585 1001 625 conviva
1021 584 1188 638 Tigelli?
1432 582 1487 625 80

211 644 381 696 Plotius,
407 646 449 687 δε
472 648 643 694 Varius,
669 647 863 686 Maecenas
877 676 891 694 ,
913 646 1196 701 virgiliusque,

211 707 403 761 Valgius,
431 710 473 750 δι
496 709 634 761 probet
659 710 742 749 haec
763 708 955 749 octavius
975 709 1172 762 optimus,
1194 720 1311 764 atque

210 768 382 820 fuscus3
402 771 444 812 δι
462 772 547 812 haec
569 772 714 811 utinam
740 770 947 812 Viscorum
974 771 1101 813 laudet
1122 783 1313 827 uterque:

210 833 442 874 Ambitione
460 835 652 886 relegata,
683 843 723 874 te
745 834 873 874 dicere
898 833 1073 887 possum,

210 893 360 941 Pollio,
382 907 440 943 te,
458 895 635 944 Messala,
655 907 729 937 tuo
749 909 841 937 cum
864 895 980 937 fratre
992 910 1007 946 ;
1031 894 1223 948 simulque
1429 892 1482 948 85

210 955 324 1005 Vos,
345 957 482 998 Bibule
505 957 548 998 &
568 956 704 1006 Servi3
727 957 838 998 fimul
863 958 923 998 his
950 968 1015 1007 te,
1038 957 1198 999 candide
1218 954 1359 998 Furni:

211 1016 447 1072 Complures
462 1019 581 1066 alios,
608 1019 745 1060 doctos
770 1032 848 1072 ego
870 1033 970 1073 quos
997 1019 1040 1059 δι
1067 1019 1215 1060 amicos

209 1078 382 1120 Prudens
408 1093 625 1135 praetere03
651 1082 792 1135 quibus
819 1082 926 1129 haec,
952 1080 1027 1122 sint
1049 1081 1355 1136 qualiacunque,

182 1153 190 1161 ·
211 1142 395 1184 Arridere
420 1143 564 1193 velim3
594 1144 812 1191 doliturus,
832 1144 860 1183 fi
881 1144 1058 1197 placeant
1083 1143 1148 1197 spe

210 1203 400 1246 Deterius
421 1204 564 1246 nostra.
595 1205 801 1252 Demetri,
825 1216 966 1258 teque,
993 1204 1162 1259 Tigelli,
1431 1215 1485 1258 90

211 1267 503 1322 Discipularum
524 1270 621 1308 inter
649 1268 770 1320 jubeo
795 1268 950 1322 plorare
978 1268 1187 1308 cathedras.

211 1328 252 1381 1,
270 1343 390 1385 puer,
410 1342 527 1386 atque
552 1343 642 1372 meo
663 1332 763 1371 citus
787 1331 871 1372 haec
890 1329 1078 1372 subscribe
1098 1327 1240 1370 libello.
