1592 2898
371 257 829 307 CARMINUM
900 256 1043 310 LIB.
1097 258 1204 303 111.

153 332 391 421 bampeffloe
412 366 550 407 melius
570 364 729 418 Scythae
742 395 755 415 ‚

207 428 393 482 Quorum
414 426 578 482 plaustra
598 438 717 480 vagas
743 426 816 466 rite
837 425 993 466 trahunt
1010 424 1168 474 domos,

150 490 331 540 Vivum,
356 490 397 531 δι
418 491 526 544 rigidi
549 489 685 539 Geta23

203 553 404 594 Immetata
425 553 568 607 quibus
587 552 720 605 jugera
743 551 878 592 liberas

153 612 298 668 Fruges
316 614 358 655 δι
381 613 563 656 Cererem
589 612 742 660 ferunt,

207 675 292 716 Nec
313 676 464 716 cultura
489 674 612 729 placet
634 673 789 729 longior
808 686 959 723 annua;

152 733 470 790 Defimaumque
490 736 691 776 laboribus

175 830 181 834 -
205 800 362 854 AEquali
385 810 532 840 recreat
551 797 654 842 sorte
676 796 857 840 vicarius.

151 858 234 902 Illic
259 871 380 901 matre
401 859 622 901 carentibus

206 921 393 976 Privignis
412 922 547 962 mulier
564 931 751 975 temperat
770 919 978 961 innocens:

153 982 237 1024 Nec
256 983 390 1024 dotata
411 984 507 1036 regit
529 983 658 1023 virum

206 1044 397 1097 Coniux,
422 1057 493 1085 nec
513 1044 635 1084 nitido
662 1042 746 1083 fidit
767 1042 965 1083 adultero:

154 1103 244 1144 Dos
266 1104 320 1144 est
341 1118 478 1158 magna
497 1104 717 1157 parentium

208 1167 368 1215 Virtus,
395 1167 436 1206 δι
461 1177 634 1207 metuens
658 1164 815 1206 alterius
839 1165 914 1206 viri

155 1227 276 1269 Certo
299 1228 443 1269 foedere
465 1227 639 1275 castitas,

210 1290 259 1332 Et
280 1302 439 1343 peccare
457 1289 581 1337 nefas,
600 1299 667 1330 aut
686 1289 851 1344 pretium
874 1291 1011 1332 emori.

156 1349 199 1391 Ο
223 1349 391 1404 quisquis
414 1351 524 1392 volet
545 1351 682 1405 impias

208 1414 344 1454 Caedes
366 1414 407 1455 δι
431 1414 572 1454 rabiem
601 1414 738 1455 tollere
759 1414 942 1465 civicam3

153 1472 194 1514 Si
214 1487 361 1528 quaeret
381 1475 490 1516 Pater
508 1475 660 1516 urbium

206 1533 395 1576 Subscribi
414 1534 568 1584 statuis,
588 1535 814 1576 indomitam
831 1537 968 1578 audeat

153 1595 363 1638 Reli-enare
384 1597 573 1651 licentiam
588 1629 602 1649 ,

206 1656 344 1698 Clarus
364 1658 611 1712 postgenitis:
635 1671 846 1713 quatenus,
878 1661 956 1702 heu
983 1660 1117 1710 nefas}

155 1719 353 1760 Virtutem
375 1720 610 1760 incolumem
640 1722 793 1762 odimus
807 1753 819 1771 ,

206 1779 399 1819 Sublatam
418 1791 468 1819 ex
491 1781 613 1820 oculis
635 1782 843 1834 quaerimus
862 1782 994 1824 invidi.

157 1837 270 1892 Quid
287 1838 409 1879 tristes
431 1840 682 1892 querimoniae
695 1871 710 1888 ,

207 1897 250 1939 Si
271 1911 351 1940 non
374 1898 560 1953 supplicio
575 1900 699 1953 ,culpa
719 1901 932 1943 reciditur?

157 1959 268 2015 Quid
288 1962 416 2015 leges,
441 1961 521 2002 fine
545 1963 718 2003 moribus

209 2024 351 2072 Vanae,
375 2022 605 2078 proficiunt,
630 2025 658 2064 fi
678 2038 805 2080 neque
826 2024 982 2076 fervidis

157 2083 247 2126 Pars
267 2085 409 2127 inclusa
434 2086 625 2127 oeloribus

211 2146 368 2194 Mundi,
386 2159 458 2187 nec
482 2147 621 2187 Boreae
644 2145 851 2188 finitimum
873 2147 994 2197 latus,

157 2204 396 2260 Durataeque
417 2206 501 2248 solo
521 2209 632 2248 nives
647 2239 660 2257 ,

211 2266 464 2308 Mercatorem
487 2268 672 2322 abigunt?
694 2268 849 2310 horrida
876 2270 1002 2311 callidi

158 2327 333 2371 Vincunt
358 2341 515 2382 aequora
537 2330 706 2372 navitae?

210 2387 398 2441 Magnum
425 2391 623 2443 pauperies
644 2392 898 2444 opprobrium
920 2391 1029 2444 jubet

156 2447 327 2501 Quidvis
352 2450 394 2490 &
416 2449 542 2491 facere
566 2451 609 2491 δι
631 2454 735 2505 pati,

208 2508 450 2564 virtutisque
474 2512 578 2551 viam
603 2512 772 2554 deserere
795 2513 957 2558 arduae?

1350 275 1407 322 93

1364 438 1414 467 10

1366 751 1410 794 ¹5

1364 1060 1414 1088 20

1361 1369 1411 1411 ²5

1366 1676 1416 1717 30

1366 1979 1413 2024 35

1362 2285 1416 2323 4ο
