1592 2898
213 251 276 303 34
425 242 487 312 Q.
538 239 909 314 HoRATn
952 242 1268 297 FLACCI

208 346 398 402 Insignem
419 348 527 389 tenui
550 348 679 390 fronte
699 349 897 403 Lycorida
1460 365 1483 412 5·

207 410 308 464 Cyri
333 422 456 452 torret
483 425 614 461 amor;
641 411 776 466 Cyrus
797 413 838 453 in
856 414 1029 469 asperam

208 471 393 514 Declinat
416 472 614 522 Pholoen;
643 472 705 514 sed
731 474 837 528 prius
862 475 1027 529 Appulis

505 534 723 589 Iungentur
749 548 900 591 capreae
928 537 1054 593 lupis,

209 650 345 706 Quam
368 651 472 706 turpi
499 650 647 692 Pholoe
668 662 801 706 peccet
822 651 1012 692 adultero.

207 715 270 755 Sic
291 713 417 755 visum
441 713 614 755 Veneri:
636 713 701 755 cui
725 713 850 768 placet
877 714 1044 768 impares
1429 728 1483 766 ιο·

207 776 370 818 Formas
384 785 501 831 atque
519 775 671 816 animos
693 774 764 815 sub
785 775 878 830 juga
903 787 1027 816 aenea

504 836 623 879 Saevo
649 838 802 879 mittere
820 850 911 879 cum
934 836 1048 890 joco.'

206 947 338 1002 Ipsum
364 962 426 990 me
446 949 584 990 melior
607 962 696 991 cum
719 960 867 1005 peteret
894 950 1058 1000 Venus,
1588 982 1592 1006 :

207 1011 330 1052 Grata
354 1011 517 1052 detinuit
542 1012 730 1066 compede
758 1013 933 1064 Myrtale
1583 1044 1592 1067 a

207 1068 426 1125 Libertina,
445 1073 552 1115 fretis
575 1074 704 1115 acrior
727 1074 884 1114 Hadriae
1375 1085 1378 1089 '
1429 1087 1478 1130 ις
1587 1070 1592 1107 3

506 1134 717 1180 Curvantis
740 1135 930 1179 Calabros
947 1135 1064 1179 finus.

576 1359 772 1407 ODE
830 1360 1106 1407 XXXIV.
1444 1405 1446 1409 ,
1572 1235 1592 1402 l.

206 1522 371 1563 Poenitere
388 1520 453 1574 se,
484 1521 577 1575 quod
603 1521 685 1559 dum
715 1519 921 1573 Epicuream
938 1518 1155 1572 fiscipliaam
1174 1519 1378 1575 stauretur,
1402 1533 1475 1578 pai

573 1607 649 1631 rum
659 1591 810 1646 studes&
828 1593 927 1632 Deos
948 1591 1102 1634 colu'en't.

205 1730 413 1805 Parcus
436 1752 616 1794 Deorum
639 1752 767 1798 cultor
787 1751 831 1793 δι
854 1749 1082 1807 infrequens
1089 1761 1107 1802 ς

202 1817 428 1862 Insanientis
450 1816 543 1856 dum
563 1814 758 1869 sapientiae

258 1878 470 1923 Consultus
488 1889 603 1925 erro,
627 1888 732 1916 nunc
751 1873 963 1915 retrorsum
1040 1913 1044 1916 .

312 1941 416 1984 Vela
438 1940 528 1981 dare
541 1969 562 1988 „
579 1950 696 1994 atque
717 1938 858 1981 iterare
882 1936 1018 1979 cursus

203 2053 342 2107 Cogor
359 2049 526 2090 relietos.
543 2048 726 2102 Namque
751 2045 948 2102 Diespiter
1452 2060 1474 2105 5
1564 2055 1573 2101 j·

202 2114 286 2169 Igni
309 2109 471 2153 corusco
497 2110 632 2150 nubila
655 2105 837 2150 dividens
1563 2122 1569 2132 ‹

256 2175 508 2228 Plerumque,
528 2186 598 2228 per
616 2186 760 2228 purum
783 2182 964 2226 tonantes

310 2236 399 2291 Egit
428 2250 578 2291 equos,
598 2237 881 2291 volucremque
901 2247 1057 2277 currum
1071 2248 1090 2277 τ.

203 2347 305 2401 Quo
323 2347 440 2387 bruta
458 2346 592 2395 tellus,
612 2347 655 2387 δι
677 2358 779 2400 vaga
801 2344 984 2393 flumina,
1031 2360 1034 2361 ⁷

201 2408 304 2463 Quo
322 2407 448 2460 Styx,
470 2407 513 2447 &
534 2407 648 2447 invifi
672 2406 825 2448 horrida
846 2406 1007 2447 Taenari
1063 2443 1066 2446 ,
1333 2399 1337 2402 ’
1424 2419 1473 2453 ιο

254 2470 390 2517 Sedes,
412 2468 694 2523 Atlanteusque
719 2468 807 2509 finis

309 2530 554 2574 Concutitur.
588 2532 706 2573 Valet
729 2532 810 2572 ima
830 2529 986 2572 summis
