1592 2898
211 211 301 261 186
411 212 472 280 Q.
541 211 917 259 HORATII
983 211 1285 259 FLA-CCI

203 321 389 362 Attamen
410 321 449 362 δι
473 321 615 373 justum
643 332 796 374 poteras
817 321 856 361 δι
881 319 1044 362 scribere
1067 320 1236 371 fortem3

205 383 415 434 Scipiadam
437 388 484 423 ‘ut
500 383 644 435 sapiens
661 384 844 424 Lucilius.
863 407 907 414 —
928 385 1042 424 Haud
1063 385 1155 425 mihi
1179 387 1296 426 deero
1309 415 1323 434 ,

206 445 310 485 Cum
332 460 393 486 res
416 446 492 499 ipsa
513 445 620 486 feret.
644 446 723 487 Nifi
743 447 883 486 dextro
906 458 1104 499 tempore,
1122 447 1251 488 Flacci

206 509 343 548 Verba
366 522 432 561 per
459 520 640 549 attentam
665 523 743 550 non
768 509 878 549 ibunt
898 508 1061 550 Caesaris
1086 523 1243 559 aurem3

209 573 286 614 Cui
313 574 410 614 male
433 574 459 612 s1
484 574 638 627 palpere
652 606 664 623 ‚
684 567 897 613 recalcitrat
913 575 1085 627 undique
1102 584 1217 614 tutus.
1235 597 1296 630 -,
1432 587 1484 614 20

209 637 380 689 Quanto
405 637 549 677 rectius
575 638 675 686 hoc,
703 650 818 690 quam
843 636 935 675 tristi
961 636 1098 677 laedere
1125 636 1239 677 versu

206 698 462 739 Pantolabum
486 698 654 738 scurram
670 730 681 748 ,
706 699 1078 753 Nomentanumque
1100 702 1308 753 nepotem?

209 760 313 802 Cum
333 761 406 814 fibi
418 761 578 815 quisque
594 763 723 808 timet,
743 775 978 816 quamquam
994 762 1047 802 est
1062 763 1249 813 intaaus,
1268 763 1310 804 &
1326 762 1421 803 odit.
1433 785 1477 793 —

209 822 324 876 Quid
349 822 510 864 faciam?
533 823 651 864 Saltat
678 823 888 870 Milonius,
910 834 954 864 ut
974 822 1089 864 semel
1109 824 1188 866 i&o
1244 863 1250 869 ,

208 885 376 926 Acceffit
402 885 537 926 fervor
562 886 699 938 capiti,
723 885 983 940 numerusque
1007 887 1185 928 lucernis.
1432 898 1479 940 25

209 947 351 987 Castor
373 948 515 1001 gaudet
535 949 668 1001 equis;
690 956 774 988 o'vo
799 959 1011 1001 prognatus
1037 948 1199 998 eodem,

207 1007 371 1060 Pugnis:
395 1021 495 1062 quot
520 1009 687 1060 capitum
716 1010 881 1056 vivunt,
903 1010 1063 1049 totidem
1085 1009 1296 1052 studiorum

209 1069 354 1111 Millia:
375 1084 438 1111 me
462 1072 622 1125 pedibus
642 1071 803 1111 deleam
824 1072 1000 1112 claudere
1018 1073 1164 1120 verba,

210 1130 337 1171 Lucili
358 1131 459 1179 ritu,
485 1127 658 1172 nostrum
680 1132 850 1173 melioris
873 1146 1053 1187 utroque.

210 1191 281 1231 Ille
303 1192 412 1231 velut
434 1191 518 1232 fidis
543 1205 684 1232 arcana
702 1191 897 1233 sodalibus
917 1193 1010 1234 olim
1435 1207 1486 1249 30

210 1253 404 1294 Credebat
422 1254 553 1301 libris;
584 1268 730 1308 neque,
752 1255 782 1295 fi
806 1256 905 1297 male
930 1255 1116 1310 gesserat,
1133 1268 1305 1310 unquam

211 1314 438 1356 Decurrens
458 1315 557 1365 ali03
580 1328 706 1369 neque
724 1315 752 1355 fi
773 1316 893 1357 bene:
920 1330 1003 1370 quo
1028 1315 1072 1357 fit
1086 1345 1099 1366 ‚
1121 1330 1167 1358 ut
1186 1319 1314 1359 omnis

212 1377 367 1417 Votiva
391 1389 517 1429 pateat
543 1378 668 1419 veluti
690 1377 875 1432 descripta
899 1379 1038 1420 tabella

211 1439 309 1479 Vita
329 1438 434 1479 senis.
450 1439 604 1492 Sequor
618 1439 744 1490 hunc,
765 1439 945 1481 Lucanus
965 1454 1014 1480 an
1041 1441 1246 1495 Appulus,
1265 1453 1429 1495 anceps:

211 1502 315 1544 Nam
337 1503 560 1544 venusmus
581 1515 662 1542 arat
683 1501 799 1543 finem
825 1503 893 1544 sub
919 1514 1130 1557 utrumque
1153 1505 1342 1552 colonus,
1435 1516 1482 1558 35

215 1565 357 1607 Miffus
378 1566 422 1606 ad
441 1566 518 1607 hoc
541 1564 657 1620 pulfis
677 1564 821 1618 (vetus
844 1564 898 1606 est
921 1575 967 1605 ut
991 1563 1120 1619 fama)
1143 1565 1323 1615 Sabellis3
1460 1562 1462 1566 ⁴

212 1629 318 1683 Quo
336 1643 385 1670 ne
405 1642 474 1683 per
492 1641 662 1669 vacuum
682 1627 868 1668 Romano
883 1628 1092 1668 incurreret
1117 1627 1252 1669 hostis:

212 1693 308 1734 sive
329 1694 435 1746 quod
454 1691 611 1746 Appula
632 1704 748 1744 gens,
771 1690 852 1746 seq,
861 1691 970 1743 quod
995 1691 1161 1731 Lucania
1182 1691 1325 1732 bellum

212 1756 411 1797 Incuteret
436 1756 619 1796 violenta.
641 1755 714 1796 Sed
734 1755 795 1795 hic
817 1754 921 1795 stilus
941 1754 1044 1794 haud
1071 1765 1175 1808 petet
1195 1755 1301 1796 ultro
1550 1803 1555 1812 ¹

216 1820 459 1874 Quenquam
483 1819 742 1865 animantem;
774 1818 813 1858 δι
841 1829 902 1856 me
928 1816 1049 1855 veluti
1071 1815 1259 1857 custodiet
1276 1816 1374 1858 enfis
1434 1829 1488 1867 4ο

214 1883 371 1937 'vagina
397 1882 544 1923 reclus:
570 1894 688 1934 quem
712 1893 782 1920 cur
804 1878 1033 1932 destringere
1058 1892 1204 1930 coner,

216 1944 351 1986 Tutus
369 1944 419 1985 ab
441 1942 583 1984 infestis
604 1939 847 1982 latronibus?
869 1939 910 1981 O
935 1950 1045 1992 pater
1065 1940 1106 1980 δι
1125 1952 1194 1980 rex

216 2007 414 2060 Juppiter‚
442 2017 484 2047 ut
510 2016 638 2059 pereat
663 2003 830 2059 pofitum
855 2002 1029 2056 rubigine
1049 2002 1191 2054 telum,

215 2068 302 2109 Nec
319 2068 519 2122 quisquam
539 2080 679 2108 noceat
691 2065 843 2119 cupido
866 2064 956 2104 mihi
976 2065 1101 2118 pacis!
1125 2075 1163 2104 at
1191 2063 1280 2114 ille,

217 2123 307 2182 Qui
338 2142 399 2169 me
422 2129 634 2168 commorit
648 2158 660 2176 ‚
681 2126 851 2180 (Melius
875 2139 955 2166 non
976 2128 1158 2178 tangere!
1180 2124 1339 2180 clamo)
1433 2137 1484 2179 45

217 2190 365 2235 Flebit,
388 2190 429 2230 &
452 2188 608 2242 infignis
625 2199 710 2229 tota
737 2188 954 2228 cantabitur
975 2186 1082 2227 urbe.

216 2251 387 2291 Cervius
407 2253 536 2302 iratusf
548 2251 651 2304 leges
676 2251 870 2290 minitatur
887 2251 930 2291 δι
951 2262 1113 2289 urnamt

219 2314 406 2362 Canidia,
431 2313 588 2359 Albuti,
613 2313 755 2365 quibus
773 2311 827 2352 est
844 2312 1018 2358 inimica,
1038 2323 1259 2350 venenum:

210 2367 376 2419 'Grande
401 2376 546 2417 malum
569 2376 742 2424 Turius,
763 2374 792 2415 fi
816 2375 907 2428 quid
929 2373 966 2414 se
985 2373 1115 2426 judice
1137 2386 1272 2415 certes.

220 2438 279 2479 Ut
292 2469 305 2486 ,
326 2452 408 2493 quo
428 2438 588 2492 quisque
606 2438 732 2487 valet,
763 2435 956 2491 suspeklos
977 2447 1136 2484 terreat,
1156 2447 1281 2490 utque
1442 2449 1508 2491 ςο»

220 2500 389 2555 Imperet
415 2501 492 2543 hoc
512 2512 650 2543 natura
672 2511 812 2554 potens
825 2528 837 2548 ,
858 2498 910 2540 fic
937 2498 1077 2552 collige
1094 2511 1262 2556 mecumf
1493 2510 1496 2513 ’
