1592 2898
0 0 8 36 l
32 0 186 27 “3⁷'v'‘.
210 0 216 3 .

255 198 764 299 'pnponow
830 237 1160 286 LIBER

116 339 386 398 claudensque
409 342 523 384 textis
540 343 711 385 cratibus
735 343 871 385 laetum
896 355 1013 398 pecus
1028 373 1042 393 ‚

169 402 343 446 Distenta
362 403 474 448 necet
491 405 636 453 ubera;

115 464 167 508 Et
186 465 308 506 borna
328 464 432 507 dulci
454 466 557 517 vina
575 478 760 520 promens
786 464 893 507 dolio
906 494 920 515 ,

132 541 138 545 ·
168 525 301 581 Dapoe
323 527 484 568 inemtas
511 539 695 581 apparet:

114 585 211 628 Non
234 600 296 628 me
315 588 480 629 Lucrina
502 588 679 641 juverint
702 586 935 640 conchylia,
1007 628 1013 631 .

170 647 345 702 Magisve
369 648 580 698 rhombus,
614 660 682 689 aut
708 647 804 689 scari
818 679 832 696 ,

116 707 156 750 Si
177 722 278 764 quos
301 708 394 751 Eois
415 711 587 751 intonata
608 709 791 753 fluffibus

170 772 306 813 Hiems
331 773 380 812 ad
409 771 486 813 hoc
512 783 640 813 vertat
666 785 794 812 mare:

114 827 209 874 Non
233 831 330 874 Afra
353 833 440 874 avis
454 831 653 874 descendat
676 834 716 874 in
745 842 925 877 ventrem
955 842 1114 884 meumj

169 895 265 936 Non
286 907 438 950 attagen
461 895 647 944 Ionicus,

115 957 354 1008 Jucundior,
379 971 496 1012 quam
521 958 618 1000 leaa
639 958 686 1000 de
711 956 964 1013 pinguiflimis

170 1019 295 1062 Oliva
319 1021 434 1062 ramis
466 1020 653 1062 arborum
668 1050 681 1070 ‚

116 1082 203 1123 Aut
227 1083 346 1124 herba
369 1083 510 1137 lapathi
535 1095 645 1138 prata
668 1083 828 1124 amantis
841 1112 854 1132 ,
875 1083 917 1124 δι
944 1083 1056 1137 gravi

172 1145 316 1185 Malvae
343 1144 512 1185 salubres
532 1145 688 1197 corpori
700 1174 716 1191 ,

119 1205 198 1246 Vel
217 1218 314 1259 agna
335 1205 436 1246 festis
461 1205 557 1247 caesa
582 1205 893 1256 Terminalibus,

176 1268 252 1308 Vel
270 1268 403 1309 haedus
422 1260 579 1322 ereptus
602 1267 712 1321 lupo.

118 1330 205 1371 Has
228 1331 327 1370 inter
351 1330 483 1384 epulas
496 1358 509 1378 ‚
533 1341 577 1370 ut
600 1329 714 1382 juvat
737 1328 861 1383 pastas
881 1341 980 1372 ovet

173 1391 320 1432 videre
337 1401 588 1446 properantes
610 1391 793 1432 domum!

80 1496 85 1503 ,
117 1451 263 1494 Videre
283 1451 397 1494 feffos
421 1465 621 1493 vomerem
643 1451 840 1494 inversum
861 1452 987 1493 boves

170 1513 291 1555 Collo
315 1514 507 1554 trahentes
530 1513 711 1567 languido
729 1515 738 1554 l

118 1574 341 1630 Pontusque
363 1576 530 1623 vernas,
554 1576 641 1616 ditis
664 1587 829 1616 examen
856 1575 1019 1623 domus,v

170 1636 330 1678 circum
349 1635 561 1677 renidentes
582 1635 722 1677 Lares!
931 1635 939 1640 ’

118 1697 220 1738 Haee
238 1697 306 1737 ubi
328 1697 484 1755 loeutus
503 1695 716 1738 foenerator
744 1696 871 1738 Alfius
885 1727 900 1745 ,

173 1759 257 1799 Jam
276 1758 354 1810 jam
375 1756 529 1798 futurus
545 1757 734 1807 rusticus,

121 1816 293 1867 Omnem
319 1817 463 1871 redegit
483 1817 617 1857 Idibus
639 1817 866 1871 pecuniam3

176 1878 337 1934 Quaerit
361 1879 542 1923 Kalendis
568 1891 727 1933 ponere.

555 2060 766 2111 ODE
823 2062 950 2111 III.

380 2203 490 2245 AD
542 2202 1129 2248 MAECENATEM.

602 2339 687 2380 Alii
711 2340 899 2395 ‚detestatim

125 2408 368 2483 PARtnus
392 2438 483 2479 olim
503 2439 533 2480 fi
555 2441 644 2494 quis
663 2442 780 2495 impia
807 2455 927 2484 manu

175 2498 298 2540 Senile
321 2497 453 2553 gutt'ur
474 2500 627 2556 fregerit
642 2532 656 2553 ,

232 2571 417 2612 Horatius.
1123 2570 1146 2610 Ῑ

1338 968 1387 1012 55

1335 1895 1390 1935 70
