1592 2898
437 229 898 280 CARMINUM
947 227 1091 275 LIB.
1140 227 1177 273 1.
1364 243 1428 291 37

162 338 302 394 'Quam
330 336 433 378 dulci
454 336 622 384 Lamiae;
645 347 798 375 memor

219 399 330 441 Aaae
352 412 433 440 non
454 399 531 438 alio
552 410 642 451 rege
668 396 828 450 puertiae
840 425 855 443 ‚

164 461 409 514 Mutataeque
433 458 543 499 simul
571 470 691 512 togae.

222 522 354 564 Cress'a
375 534 425 562 ne
445 532 571 562 careat
593 520 751 575 pulchra
774 518 856 559 dies
874 527 991 558 nota:
1383 525 1438 562 ιο

167 584 259 626 Neu
288 594 455 638 promtae
476 582 615 624 modus
643 582 867 635 amphorae,

219 645 310 686 Neu
328 657 476 685 morem
501 644 540 683 in
564 642 707 683 Salifim
731 641 779 682 fit
802 640 955 695 requies
982 638 1148 694 pedum:

168 706 259 748 Neu
284 706 395 747 multi
416 705 592 746 Damalis
615 704 711 745 meri

222 767 376 810 Baffum
402 767 582 808 Threicia
601 766 731 807 vincat
752 763 963 818 amystide:

169 829 261 871 Neu
288 828 408 869 defint
432 827 554 882 epulis
581 826 705 877 rosae,
1385 834 1431 878 ις

225 891 315 932 Neu
337 890 459 930 vivax
484 889 642 943 apium,
668 901 745 928 neu
770 887 892 928 breve
915 885 1049 927 lilium.

169 951 320 994 Omnes
335 951 375 990 in
397 949 581 991 Damalin
605 959 736 1003 putres

225 1013 439 1065 Deponent
462 1011 621 1052 oculos:
641 1023 713 1050 nec
738 1009 914 1051 Damalis
935 1022 1049 1051 novo

173 1074 396 1117 Divelletur
421 1073 593 1113 adultero
608 1103 621 1121 ‚

225 1135 389 1179 Lascivis
413 1136 564 1177 hederis
581 1133 830 1175 ambitiofior.
1386 1143 1439 1173 20

483 1302 721 1349 ⁴ODE
779 1302 1094 1350 XXXVII.

587 1438 680 1480 AD
716 1437 1031 1481 SODALES.

179 1577 234 1618 Ob
251 1587 386 1616 monem
417 1577 621 1630 Cleopatroe‚
647 1579 698 1616 ad
709 1576 883 1630 privatam
906 1576 1140 1630 pubEcamque
1163 1576 1336 1627 Iniciam,
1353 1591 1441 1633 pro-

319 1640 459 1694 pulfizto
481 1651 578 1680 tamo
588 1640 711 1692 pam‘oe
726 1641 900 1694 periculo,
922 1643 1100 1683 Romanos
1128 1643 1298 1683 hortatur.

182 1727 351 1802 Nunc
368 1756 424 1797 est
447 1757 676 1807 bibendum,
701 1772 807 1801 nunc
825 1760 922 1814 pede
942 1760 1070 1805 libero

180 1817 362 1860 Pulsanda
383 1819 515 1868 tellus;
539 1833 643 1861 nunc
664 1819 872 1865 Saliaribus

234 1881 387 1923 Ornat-e
406 1881 584 1934 pulvinar
608 1881 792 1923 Deorum

286 1944 461 1998 Tempus
479 1954 562 1984 erat
584 1944 771 1999 dapibus,
796 1945 960 1990 sodales.·

178 2044 359 2086 'Antehac
384 2045 516 2095 nefas,
542 2046 770 2100 depromere
792 2049 1014 2098 Caembum
1416 2063 1442 2109 ς

181 2106 299 2148 Cellis
320 2107 453 2155 avitis,
478 2108 569 2148 dum
593 2108 795 2161 Capitolio

235 2167 385 2220 Regina
410 2169 603 2210 dementes
626 2170 779 2220 ruinas,

291 2228 423 2270 Funus
437 2230 478 2271 δι
498 2231 664 2286 imperio
690 2234 852 2287 parabat
862 2244 880 2281 ,‘

186 2325 462 2366 Contaminato
481 2340 569 2368 cum
594 2342 709 2383 grege
730 2330 901 2384 turpium

186 2384 335 2425 Morbo
353 2385 553 2436 Virorum,
575 2390 760 2442 quidlibet
788 2391 991 2445 impotens*
1109 2409 1111 2411 ’
1398 2403 1446 2434 ΞΟ

239 2443 425 2498 Sperat-e,
446 2445 683 2502 fortunaque
707 2450 810 2491 dulci

294 2505 422 2548 Ebria.
450 2506 524 2549 Sed
550 2509 688 2552 minuit
708 2510 888 2555 furorem
