1592 2898
174 227 266 287 248
384 227 446 296 Q·
500 227 881 277 H'ORATII
930 230 1247 281 FLAcc1

172 333 229 372 Ur
258 334 388 387 parvis
416 334 550 374 animis
574 335 617 375 &
639 349 768 388 parvo
793 350 966 391 corpore
990 338 1140 392 maius'3
1401 356 1455 394 40

172 395 250 438 Hic
274 395 394 440 subit,
420 396 459 435 ⁴&
481 395 637 450 perfert.
669 398 752 438 Aut
781 397 907 438 virtus
938 412 1081 440 nomen
1110 400 1225 443 inane
1251 402 1332 454 est,

170 457 256 498 Aur
278 458 394 498 decus
418 458 460 498 δι
487 459 653 510 pretium
687 458 792 500 refie
815 460 909 512 petit
933 461 1134 515 experiens
1158 464 1231 508 vir.

171 519 316 563 Coram
340 534 429 574 rege
456 521 522 562 sua
548 522 596 562 de
620 534 848 575 paupertate
872 533 1066 573 tacentes,

170 584 260 625 Plus
287 585 468 638 poscente
495 583 643 626 ferent:
670 586 806 632 distat,
835 585 1008 628 sumasne
1027 590 1240 641 pudenter,

171 646 237 687 An
265 648 413 700 rapias:
443 650 549 701 arqui
575 662 706 689 rerum
729 661 846 702 caput
874 649 952 691 hoc
970 662 1075 701 erat,
1097 653 1162 694 hic
1189 651 1290 695 fons.
1399 666 1452 710 45

171 707 344 750 Indotata
370 708 457 751 mihi
480 708 583 761 soror
607 711 673 762 esl,
694 710 911 763 paupercula
936 723 1067 759 mater,

170 771 224 810 Et
238 767 382 821 fundus
406 785 467 809 nec
494 772 712 820 vendibilis,
740 787 802 813 nec
817 772 954 825 pascere
967 776 1125 826 firmus,

63 878 70 889 ἱ
99 861 103 865 .
171 829 258 883 Qui
291 831 403 878 dicit,
432 833 594 879 clamat,
627 834 762 872 Vibium
781 836 886 875 date:
912 834 1074 878 succinit
1100 837 1222 888 alter,

170 896 224 935 Et
244 895 332 933 mihi
359 895 507 934 dividuo
526 897 684 949 findetur
708 911 841 936 munere
864 900 1014 950 quadra.

170 954 244 995 Sed
269 957 407 997 tacitus
428 957 523 1010 pasci
545 957 571 998 fi
604 957 727 1011 poss'et
754 972 922 1005 corvus,
949 961 1111 1002 haberet
1218 1002 1227 1007 „
1362 1002 1369 1009 ,
1403 975 1453 1019 ςο

167 1014 260 1059 Plus
284 1018 415 1067 dapis,
445 1019 486 1059 &
515 1019 608 1058 rixae
635 1019 759 1058 multo
790 1020 919 1059 minus
946 1020 1192 1075 invidiaeque.

167 1077 429 1126 Brundusium
451 1093 618 1129 comes,
645 1093 712 1120 aut
738 1079 966 1122 Surrentum
991 1084 1130 1126 ductus
1153 1099 1379 1138 amoenum,

172 1138 261 1191 Qui
285 1141 464 1194 queritur
486 1140 651 1182 salebras
666 1171 676 1189 ,
698 1142 738 1182 δι
766 1144 947 1184 acerbum
975 1144 1118 1199 frigus,
1139 1147 1180 1188 δι
1201 1147 1362 1200 imbres,

171 1202 256 1242 Aut
280 1202 410 1244 cistam
443 1201 665 1253 elnaem,
689 1215 756 1244 aut
779 1203 963 1246 subdubia
992 1208 1135 1248 viatica
1159 1209 1308 1262 plorat,
1379 1242 1381 1244 -

133 1295 153 1303 Ι
171 1267 279 1307 Nota
303 1267 419 1308 refert
439 1269 654 1310 meretricis
673 1271 879 1317 acumina,
905 1269 1006 1323 saepe
1033 1273 1208 1314 catellam
1221 1304 1234 1323 ‚
1403 1286 1450 1331 55

171 1329 283 1377 Saepe
310 1330 565 1382 periscelidem
591 1343 740 1384 raptam
764 1331 832 1371 fibi
861 1332 1013 1383 flentis;
1042 1337 1100 1375 uti
1125 1350 1219 1378 mox

170 1392 287 1433 Nulla
311 1392 405 1433 fides
426 1394 597 1440 damnis,
627 1393 808 1447 verisque
830 1395 1033 1437 doloribus
1051 1398 1159 1440 adiit.

171 1455 257 1496 Nec
289 1453 400 1495 semel
425 1455 577 1504 irrisus,
602 1456 727 1496 triviis
759 1457 939 1498 attollere
963 1471 1072 1500 curat

171 1520 314 1560 Fraeo
348 1533 462 1563 crure
488 1521 670 1574 planum3
698 1521 784 1561 licet
812 1521 863 1560 illi
887 1522 1051 1574 plurima
1069 1535 1199 1566 manet

174 1583 390 1633 Lacrima3
408 1596 475 1634 per
503 1581 672 1622 sanetum
702 1581 851 1633 juratus
879 1583 977 1623 dicat
1005 1583 1178 1633 Ofirim,
1394 1585 1470 1629 60‘

171 1643 357 1693 Credite3
385 1657 463 1688 non
484 1644 601 1691 ludo3
639 1645 812 1684 crudeles
831 1645 956 1685 tollite
978 1645 1178 1688 claudum:

173 1707 327 1769 Quaere
355 1708 602 1767 peregrinum
617 1738 630 1761 ‚
654 1708 799 1750 vicinia
827 1721 945 1753 rauca
967 1709 1166 1754 reclamat.

396 1890 930 1938 EPISTOLA
995 1893 1235 1939 XVIII.

527 2023 639 2066 AD
692 2019 1109 2068 Lo'LLIUM.

175 2153 222 2194 In
242 2152 384 2195 eandem
405 2145 597 2193 materiam.
619 2152 815 2192 Vitandam
839 2152 902 2205 ff
929 2152 1146 2207 asperitatem
1168 2154 1205 2193 in
1231 2134 1448 2209 affiMone

730 2215 892 2258 divitum.

177 2291 244 2365 Sl
265 2320 364 2361 bene
387 2330 427 2365 te
454 2320 577 2365 novi,
605 2331 780 2368 metues,
805 2317 1000 2362 liberrime
1028 2318 1153 2376 Lolli,

176 2383 393 2428 Scurrantis
413 2381 576 2434 speciem
607 2382 799 2435 praebere,
822 2379 1012 2435 professus
1035 2376 1216 2426 amicum.

175 2447 232 2487 Ut
261 2456 438 2485 matrona
463 2443 651 2484 meretrici
681 2441 805 2496 dispar
824 2444 895 2482 erit
917 2453 1034 2495 atque

175 2506 382 2558 Discblor,
404 2504 528 2550 infido
551 2504 696 2550 scurrae
721 2504 869 2550 distabit
893 2505 1056 2554 amicus.

1579 422 1592 459 a

1583 484 1592 545 -ἑ

1583 555 1592 598 i

1583 602 1592 679 ¹«.

1587 681 1592 700 l

1584 712 1592 727 *n

1586 743 1592 757 l
