1592 2898
326 207 417 255 DE
442 207 498 284 Q.
532 206 811 253 HORATIO
842 205 1089 254 FLACCO.
1237 218 1348 254 XLV

82 296 460 340 fiss——Carrninum
489 295 586 337 liber
611 295 677 345 lv,
701 307 750 336 ex
777 293 1041 345 antiquiffimis
1065 292 1174 334 MSS.
1191 292 1349 333 Codicis

91 367 97 373 ·
242 352 446 401 bus,'cum
470 349 753 390 commentariis
771 347 863 388 falso
897 349 1024 387 adhuc
1050 347 1282 400 Porphyrioni
1310 349 1347 390 δι

244 407 380 448 Acrone·
402 403 620 455 adscriptis:
661 403 787 454 Opera
806 403 885 442 Jac.
905 402 1060 455 Cruquii‚
1088 400 1235 442 Meffen
1268 399 1348 439 edi-

246 468 328 501 tus:
353 457 531 509 Ejusdem
558 459 599 496 in
618 457 785 507 eundem,
809 457 1090 496 annotationes,
1117 455 1228 506 Apud
1242 453 1347 494 Hub.

249 512 456 556 Goltzium.
472 511 582 561 Brug.
597 509 654 552 Fl.
669 510 707 551 8.
1340 525 1344 528 ·

8 597 11 601 -
87 566 396 618 δ--Ορεηῃ
417 578 484 617 per
498 564 655 604 heredes
671 562 756 604 Seb.
774 562 946 615 Gryphii.
974 577 1033 604 12.

92 621 196 673 1566
252 621 319 661 Ars
339 620 515 670 poetica,
532 630 621 657 cum
644 617 831 669 Explicat.
849 618 1004 657 Achillis
1024 617 1140 656 Statii.
1165 617 1278 657 Antv.
1308 623 1350 666 4:

88 676 298 726 ——Q
322 674 379 714 H.
399 674 442 715 F.
460 685 506 712 ex
529 672 605 712 fide
626 680 738 722 atque
763 672 988 711 auctoritate
1009 672 1139 711 decem
1163 670 1349 710 librorum

173 726 178 731 ’
248 726 358 769 MSS.
384 736 502 778 opera
526 725 680 780 Dionys:
702 726 860 766 Lambini
880 724 1078 765 Monstrol.
1100 725 1349 772 emendatus,

250 780 301 822 ab
318 780 530 830 eodemque
549 780 836 819 commentariis
854 778 1111 830 copioliffimis
1133 778 1346 818 illustratus.

247 833 321 875 His
333 835 542 885 adjecimus
554 831 614 882 Jo.
627 833 749 874 mich.
764 833 879 873 Bruti.
890 833 928 871 in
950 842 1113 883 quatuor
1133 831 1249 872 libros
1265 831 1350 871 Car·

250 887 398 927 minum
413 920 424 936 ,
442 897 557 938 atque
578 887 617 925 in
639 886 724 926 libr.
745 887 905 938 Epodon
925 886 1351 938 explicationes-Index

250 954 376 984 rerum
390 943 426 982 &
439 941 542 981 verb.
556 940 874 980 memorabilium.
899 941 1009 990 Apud
1026 939 1195 980 Paullum
1209 939 1348 980 Manu-

251 997 371 1044 tium,
391 995 475 1035 Aldi
493 994 546 1035 fil.
566 995 701 1035 Venet.
714 1009 751 1044 4.
784 994 916 1035 Nitida
932 995 966 1034 ἃ
983 1006 1060 1033 rara
1083 993 1217 1035 editio.

254 1048 405 1099 Opera,
423 1061 510 1088 cum
530 1049 631 1087 notis
649 1049 780 1088 Mureti
799 1050 836 1088 δι
853 1048 941 1087 Aldi
961 1049 1066 1087 Man.
1083 1047 1204 1098 Lugd.
1220 1061 1256 1096 4.

255 1101 350 1143 Odae
371 1103 406 1142 ἃ
419 1101 544 1152 Epodi
565 1113 654 1141 cum
676 1100 934 1141 animadverff.
950 1101 983 1149 J.
996 1101 1053 1141 Μ.
1069 1102 1184 1143 Bruti.
1198 1102 1293 1142 Ven.
1311 1110 1352 1150 4:

95 1155 309 1206 ·—‹—-—Q,.
342 1155 391 1196 H.
418 1155 458 1196 F.
492 1167 577 1195 cum
610 1164 818 1195 comment.
845 1154 960 1194 Dion.
986 1156 1165 1204 Lambini,
1192 1154 1352 1196 Monstr.

70 1213 87 1233 ⁴
256 1208 366 1250 Paris.
384 1209 421 1248 8.
446 1208 636 1260 Repetitio
654 1208 910 1249 Lambinianae
931 1208 960 1248 1.

96 1261 501 1312 ——Epistolarum
522 1262 606 1302 libri
622 1262 673 1308 11,
693 1275 760 1314 per
776 1261 889 1303 Gabr.
906 1261 1110 1302 Buonium.
1133 1261 1242 1302 Paris.
1261 1260 1299 1302 8.

96 1315 318 1364 ——Jo.
335 1316 492 1367 Caesarii,
507 1315 685 1356 consent.
701 1315 1006 1356 Commentarius
1021 1316 1058 1354 in
1073 1315 1232 1356 XXXII
1251 1314 1354 1365 Libri

92 1378 97 1383 ’
258 1369 276 1410 1
302 1368 418 1410 odas.
441 1369 499 1410 Ex
520 1369 619 1409 offic.
636 1370 744 1410 Vinc.
761 1369 959 1411 Lucchini.
979 1369 1093 1410 Rom.
1117 1369 1154 1411 8.

98 1422 410 1473 ——Opera,
431 1435 498 1474 per
511 1424 670 1462 viduam
687 1423 748 1472 Jo.
773 1423 877 1464 Loei.
902 1425 1011 1463 Antv.
1029 1423 1068 1463 8.

97 1489 304 1530 ——ex
324 1475 450 1527 castig.
465 1476 539 1517 Th.
561 1477 772 1524 Pulmanni,
797 1478 845 1517 ad
868 1477 1030 1524 Mureti,
1046 1475 1246 1526 Lambini,
1260 1475 1355 1516 alio-

254 1541 417 1581 rumque
434 1530 642 1570 editionem
654 1562 665 1580 ,
680 1541 793 1581 atque
810 1541 953 1570 veteres
973 1530 1119 1581 aliquot
1138 1530 1253 1570 libros
1276 1530 1357 1569 col-

256 1582 373 1632 latus,
395 1585 431 1624 &
456 1583 640 1634 scholiis,
664 1597 687 1624 e
703 1583 852 1636 'scriptis
867 1584 1166 1624 doctiffimorum
1188 1587 1356 1623 virorum

259 1637 451 1686 collectis,
468 1636 677 1682 illustratus.
698 1638 756 1679 Ex
778 1638 877 1678 offic.
899 1638 1069 1678 Plautini.
1093 1640 1202 1678 Antv.
1228 1652 1288 1679 12.

394 1690 415 1711 ³*
432 1691 559 1731 Editio
577 1693 755 1742 primaria
768 1722 779 1736 ,
801 1692 928 1731 recusa
954 1692 1043 1731 dein
1064 1691 1194 1732 sexies.

106 1742 206 1797 1567
260 1743 508 1784 Lambiniana
527 1745 586 1786 11:
620 1746 670 1796 Q.
692 1746 743 1786 H.
766 1744 808 1785 F.
836 1745 898 1785 sex
923 1746 1063 1784 abhinc
1083 1746 1191 1784 annis
1208 1757 1258 1785 ex
1278 1745 1355 1785 fide

17 1803 20 1808 '
42 1806 62 1826 ’ν
261 1806 375 1847 atque
400 1799 623 1838 auctoritate
648 1799 899 1850 complurium
928 1798 1012 1840 libr.
1036 1799 1146 1839 MSS.
1168 1812 1282 1849 opera
1307 1799 1355 1839 D.

258 1851 420 1891 Lambini
436 1853 682 1898 emendatus,
696 1853 745 1892 ab
765 1854 976 1902 eodemque
993 1854 1276 1892 commentariis
1292 1865 1359 1892 co-

231 1910 233 1912 ·
260 1903 472 1955 piofiffimis
500 1905 730 1956 explicatus,
752 1918 856 1945 nunc
882 1906 929 1945 ab
954 1908 1091 1945 eodem
1118 1907 1359 1956 recognitus,

263 1959 300 2003 &
326 1970 416 1998 cum
442 1957 586 2010 aliquot
611 1959 693 1999 aliis
716 1959 994 2010 exemplaribus
1017 1960 1178 2011 antiquis
1202 1972 1359 2010 compa-

260 2018 381 2060 ratus,
402 2012 531 2051 multis
555 2012 648 2052 locis
664 2017 843 2064 purgatus
857 2044 868 2059 ‚
891 2014 1138 2063 ejusdemque
1157 2026 1358 2053 commen·

261 2065 383 2114 tanis,
397 2066 478 2116 plus
492 2067 599 2105 tertia
613 2075 720 2117 parte
738 2066 978 2118 amplificatis
990 2098 1002 2117 ,
1023 2066 1235 2107 illustratus.
1248 2065 1357 2108 Paris.

264 2130 324 2168 ap.
344 2118 407 2167 Jo.
422 2119 622 2161 Macaeum.
647 2120 715 2160 fol.

263 2170 362 2211 Petri
384 2173 521 2226 Pagani
540 2175 649 2225 Argg.
668 2175 706 2212 in
720 2175 920 2216 Horatium.
944 2174 1120 2216 Francos.
1141 2175 1179 2216 8.

24 2242 26 2244 ·
266 2223 408 2275 Opera,
422 2238 508 2265 cum
529 2227 660 2266 lndice
682 2227 756 2268 Th.
779 2230 914 2277 Tracti,
939 2242 999 2279 ap.
1014 2229 1133 2269 Plant.
1159 2231 1271 2269 Antv.
1293 2229 1332 2269 8.

26 2327 30 2333 ,
105 2277 318 2327 —Q
331 2278 379 2318 H.
393 2278 434 2318 F.
449 2292 536 2318 cum
553 2281 689 2320 Annot.
705 2282 759 2321 M.
774 2282 858 2321 Ant.
873 2284 1022 2331 Mureti,
1044 2285 1080 2323 δι
1100 2283 1187 2323 Aldi
1201 2283 1362 2324 Manutic'

266 2331 314 2369 de
327 2331 460 2371 Mettis
477 2332 611 2373 Horat.
634 2347 700 2385 per
715 2336 801 2375 Seb.
821 2336 1048 2386 Gryphium.
1070 2337 1190 2387 Lugd.
1219 2337 1255 2376 8.
1339 2349 1342 2352 ’

36 2425 37 2428 ¹
105 2383 318 2445 —Q
337 2384 386 2424 H.
402 2384 444 2424 F.
462 2385 664 2437 Poemata,
683 2401 703 2426 a
717 2390 866 2428 mendis
885 2390 1020 2429 iterum
1038 2389 1184 2429 summa
1201 2391 1363 2440 diligen-

265 2446 315 2476 tia
336 2448 555 2488 repurgata,
576 2453 622 2480 ac
641 2441 858 2481 doetiffimis
882 2442 1013 2482 Franc.
1031 2444 1149 2483 Irenici
1169 2445 1208 2482 in
1234 2446 1362 2483 Artem

264 2499 366 2541 poet.
388 2490 555 2532 &libros
576 2493 676 2546 Epp.
700 2497 854 2535 Annott.
874 2497 913 2535 in
935 2497 1092 2547 gratiam
1112 2496 1282 2536 studiosae
1302 2498 1360 2546 ju-
