1592 2898
161 205 192 255 8
372 206 445 276 Q
489 203 869 252 HORATII
915 204 1226 253 FLACCI

164 313 227 355 Ac
252 324 379 366 neque
401 310 480 364 jam
502 310 655 351 stabulis
677 310 818 364 gaudet
839 323 976 364 pecus,
1003 322 1073 352 aut
1093 322 1223 353 arator
1243 311 1348 366 igni,
1335 326 1345 337 ·

222 376 306 416 Nec
330 385 441 428 prata
465 373 570 414 canis
591 371 754 412 albicant
774 370 932 425 pruinis.

165 440 250 482 Jam
277 437 478 490 Cytherea
501 436 644 477 choros
663 435 769 475 ducit
790 436 952 482 Venus,
971 433 1196 475 imminente
1213 433 1350 484 Luna;
1416 447 1435 489 5

218 500 445 553 Junaaeque
475 498 674 551 Nymphis
697 495 846 538 Gratiae
867 495 1045 536 decentes

167 563 334 607 Alterno
359 575 501 602 terram
523 562 701 614 quatiunt
722 559 839 614 pede3
861 558 953 600 dum
978 570 1118 612 graves
1141 557 1385 612 Cyclopum

223 624 426 665 Vulcanus
446 623 580 662 ardens
601 622 681 661 urit
710 621 895 661 officinas.

166 689 285 731 Nunc
305 689 412 728 decet
436 699 502 727 aut
528 686 638 726 viridi
662 686 826 725 nitidum
851 695 966 739 caput
990 683 1174 739 impedire
1200 694 1359 738 myrto,

222 752 306 791 Aut
331 750 451 799 flore,
479 760 593 789 terrae
616 760 732 801 quem
761 745 891 786 ferunt
919 743 1067 786 solutae.
1391 756 1442 786 xo

167 812 286 853 Nune
311 812 351 852 δι
375 813 415 851 in
438 810 628 852 umbrosis
651 810 788 850 Fauno
810 809 918 849 decet
937 807 1137 848 immolare
1160 807 1278 856 lucis,

222 873 299 913 Seu
326 873 458 926 poscat
483 884 601 924 agna,
629 870 710 910 five
731 870 835 910 malit
861 870 986 910 haedo.

91 988 96 993 ⁵
169 934 308 976 Pallida
335 935 447 975 Mors
468 947 587 986 aequo
617 932 739 987 pulsat
761 932 856 986 pede
885 926 1100 986 pauperum
1119 932 1320 979 tabernas,

224 996 455 1049 Regumque
483 1007 619 1036 turres.
642 994 683 1035 Ο
710 995 822 1035 beate
850 994 984 1043 Sexti,

170 1057 276 1098 Vitae
298 1057 448 1102 summa
472 1057 606 1097 brevis
623 1055 726 1109 spem
752 1068 826 1096 nos
845 1066 951 1095 vetat
970 1054 1155 1097 inchoare
1170 1054 1338 1108 longam.
1397 1065 1441 1108 ις

221 1120 306 1160 Jam
331 1131 370 1159 te
395 1130 542 1173 premet
567 1131 673 1164 nox,
698 1117 917 1172 fabulaeque
939 1118 1106 1163 Manes,

169 1179 218 1230 Et
244 1181 384 1221 domus
402 1180 510 1222 exilis
530 1178 733 1227 Plutonia;
763 1192 847 1232 quo
872 1176 983 1220 fimul
1009 1176 1175 1223 ineatis,

225 1242 318 1281 Non
343 1253 460 1295 regna
482 1241 562 1280 vini
584 1240 741 1280 sortiere
765 1240 849 1281 talis
865 1271 877 1289 ,

170 1304 255 1344 Nec
277 1315 456 1344 tenerum
484 1303 657 1356 Lycidan
680 1303 889 1350 mirabere,
918 1315 1000 1356 quo
1022 1301 1121 1344 calet
1142 1302 1329 1343 iuventus
1460 1355 1463 1359 ⁴

224 1368 260 1409 N
266 1381 343 1411 unc
364 1368 493 1411 omnis
506 1397 518 1417 ‚
545 1367 586 1408 &
608 1380 705 1408 mox
723 1367 893 1421 virgines
921 1365 1124 1420 tepebunt.
1391 1375 1445 1407 20

661 1511 969 1598 ODE⁶V.

500 1692 608 1738 AD
675 1667 1144 1734 PYRRHAM.'

172 1805 324 1860 Miseros
349 1804 413 1859 effi:
425 1834 438 1854 ,
463 1803 522 1856 qui
547 1802 646 1864 illius
668 1817 781 1847 amorg
803 1813 989 1841 teneantur.
1013 1803 1060 1841 Se
1082 1814 1127 1840 ex
1152 1815 1214 1860 eo?
1236 1810 1404 1853 tanquam
1424 1813 1441 1838 e

613 1872 823 1925 naufragio,
847 1870 1010 1925 enataffi.
1048 1896 1056 1911 '-

177 1985 332 2076 Qms
354 2013 477 2053 multa
503 2011 654 2066 gracilis
681 2021 721 2052 te
743 2023 839 2064 puer
866 2010 905 2050 in
931 2009 1019 2051 rosa

170 2084 354 2134 Perfusus
382 2084 535 2137 liquidis
558 2093 673 2137 urget
699 2082 915 2131 odoribus,

227 2146 376 2192 Grato,
406 2145 584 2197 Pyrrha,
617 2144 685 2184 sub
716 2142 856 2183 antro?

277 2207 354 2250 Cui
380 2207 522 2249 flavam
550 2207 688 2261 religas
713 2219 868 2260 comam
882 2234 899 2254 ,

169 2318 343 2372 Simplex
371 2316 565 2357 muditiis?
592 2317 706 2358 Heu!
737 2317 894 2370 quoties
921 2315 1036 2357 fldem
1425 2322 1447 2367 5

173 2379 428 2434 Mutatosque
453 2378 564 2419 Deos
594 2378 726 2428 flebit,
756 2379 798 2419 δι
819 2378 949 2432 aspera
991 2424 995 2434 Δ

224 2441 355 2494 Nigris
380 2454 540 2494 aequora
567 2441 698 2481 ventis

276 2502 507 2548 Emirabitur
531 2501 727 2554 insolens,
