1592 2898
288 238 804 290 .÷SERMONUM
871 237 1020 285 LIB.
1079 234 1117 286 Ῑ.

98 348 245 391 Persius
266 348 430 402 exponit
451 346 630 396 causam,
652 346 798 387 ridetur
821 345 870 386 ab
891 345 1001 386 omni

98 410 339 461 Convenru3
365 410 495 451 laudat
526 411 719 458 Brutum,
746 409 953 463 laudatque
974 406 1206 460 cohortem3

99 471 228 515 Solem
247 472 350 514 Afiae
370 473 538 515 Brutum
565 473 758 527 appellat;
777 470 973 526 stellasque
993 470 1184 519 salubres,

96 534 275 590 Appellat
294 536 480 585 comites,
505 544 675 590 excepto
703 534 838 587 Rege;
862 544 996 574 eonem
1021 531 1154 581 illum,

95 597 267 640 invisum
286 597 467 652 agricolis
483 596 605 644 fidus,
632 596 799 637 veniffe:
827 594 989 643 ruebat,

98 660 259 701 Flumen
287 669 334 701 ut
359 660 561 700 hibernum
575 689 587 705 ,
618 657 739 700 fertur
764 671 847 713 quo
870 670 956 698 rara
975 654 1127 698 securis.

98 720 204 763 Tum
229 720 476 762 Praenestinus
499 719 595 762 salso
617 721 820 774 multoque
844 719 978 760 fluenti

98 781 283 837 Expressa
307 782 464 823 arbusto
488 783 629 836 regerit
651 783 857 832 convicia,
877 783 996 822 durus

101 839 389 891 vindemiator,
419 843 461 883 δι
485 842 677 891 invictus,
701 845 763 885 cui
790 843 890 897 saepe
918 842 1052 884 viator

99 903 291 953 Ceffiffm,
316 916 459 958 magna
482 903 720 957 compellans
746 917 851 946 voce
869 904 1067 946 cuculum.

102 966 158 1006 At
183 964 345 1007 Graecus
359 997 372 1015 ‚
400 965 602 1020 postquam
623 965 678 1007 est
695 966 793 1007 Italo
819 963 995 1019 perfusus
1022 977 1163 1016 acet0‚'

102 1026 250 1068 Persius
275 1027 485 1068 exclamat:
511 1027 582 1068 Per
604 1039 790 1081 magnos,
812 1028 960 1076 Brute,
986 1028 1099 1069 Deos
1130 1037 1171 1068 te

103 1087 193 1129 Oro
206 1118 220 1135 ,
237 1089 305 1140 qui
324 1101 434 1142 reges
457 1087 650 1129 consueris
677 1089 814 1129 tollere
828 1119 839 1136 ‚
867 1101 938 1130 cur
961 1102 1041 1129 non

1274 253 1365 305 177

1320 851 1370 896 30

103 1151 222 1192 Hunc
241 1151 385 1205 Regem
406 1149 583 1205 jugulas?
610 1164 776 1206 operum
799 1152 877 1193 hoc
905 1149 1181 1206 (mihicrede)
1209 1161 1371 1193 tuorum

371 1207 438 1254 est.

415 1373 801 1421 SATIRA
873 1372 1051 1421 VIII.

1319 1225 1369 1268 35

112 1515 198 1569 11N
238 1513 800 1561 SUPERSTITIOSOS
842 1514 921 1557 ET
960 1513 1348 1558 VENEFICAS.

107 1614 267 1688 Onu
294 1653 457 1685 truncus
481 1656 589 1685 eram
619 1643 809 1691 ficulnus,
831 1644 966 1686 inutile
987 1644 1160 1698 lignum,

106 1707 210 1748 Cum
241 1705 350 1747 faber
371 1708 538 1749 incertus
563 1708 760 1750 scamnum
785 1708 977 1751 faceretne
995 1709 1205 1765 Priapum,

107 1771 248 1812 Maluit
275 1769 352 1811 effe
377 1770 538 1811 Deum:
564 1769 675 1812 Deus
702 1772 790 1811 inde
814 1784 916 1826 ego,
939 1772 1068 1813 furum
1092 1776 1305 1829 aviumque
1344 1798 1348 1799 ν

107 1830 279 1871 Maxima
303 1826 499 1871 formido·
527 1843 616 1871 nam
642 1819 749 1872 fures
769 1832 902 1871 dextra
924 1841 1106 1880 coercet,

110 1891 390 1945 Obscoenoque
415 1892 535 1932 ruber
561 1893 760 1945 porreaus
780 1893 829 1932 ab
849 1894 1008 1947 inguine
1033 1894 1164 1946 palus·

111 1953 182 1994 Ast
209 1955 448 2008 importunas
471 1954 652 1996 volucres
683 1955 722 1994 in
749 1957 893 1996 vertice
916 1956 1065 1995 arundo

110 2015 248 2055 Terret
271 2014 375 2066 fixa,
400 2025 587 2070 vetatque
609 2017 726 2057 novis
746 2016 942 2057 considere
967 2017 1006 2057 in
1028 2016 1162 2058 hortis.

111 2077 203 2118 Huc
225 2078 328 2131 prius
354 2077 519 2131 angustis
542 2077 663 2131 ejecta
687 2079 874 2121 cadavera
897 2078 1001 2119 cellis

113 2139 338 2185 Conservus
359 2139 424 2180 vili
450 2141 637 2194 portanda
662 2140 815 2182 locabat
840 2142 879 2180 in
903 2152 1003 2180 arca.

113 2199 204 2241 Hoc
222 2201 364 2242 miserae
385 2202 485 2255 plebi
510 2201 630 2243 stabat
650 2213 859 2244 commune
882 2203 1123 2257 sepulcrum,

113 2261 324 2303 Pantolabo
345 2262 511 2314 scurrae,
540 2264 868 2319 Nomentanoque
888 2265 1035 2318 nepoti.

114 2323 222 2363 Mille
246 2325 391 2376 pedes
381 2337 421 2364 m
445 2325 598 2373 fronte,
621 2337 816 2368 trecentos
839 2328 974 2382 cippus
1004 2329 1044 2367 in
1066 2339 1203 2380 agrum

111 2384 194 2424 Hic
218 2381 355 2433 dabat,
381 2385 538 2429 heredes
562 2398 859 2429 monumentum
888 2402 938 2430 ne
961 2389 1198 2443 sequeretur.

114 2445 231 2486 Nunc
254 2446 343 2486 licet
370 2446 545 2516 Esquiliis
565 2449 735 2490 habitare
756 2450 996 2499 salubribus,
1027 2463 1144 2505 atque

114 2508 268 2562 Aggere
293 2509 332 2548 in
359 2510 488 2563 aprico
510 2509 681 2564 spatiari,
707 2525 789 2568 quo
816 2514 937 2555 modo
962 2513 1085 2555 tristes

221 2570 402 2611 Horatius.
1089 2572 1134 2615 M

1353 1899 1373 1948 ἲ

1327 2214 1380 2247 10

1254 2523 1378 2567 ,15
