1592 2898
194 264 287 310 242
405 247 467 317 Q.
519 243 900 294 HORATII
948 220 1294 296 FLACCI'

191 353 389 395 Incutiunt
412 354 519 395 urbis
541 353 766 394 desiderium
781 385 795 403 ,
822 353 963 403 video'3
995 354 1039 395 δι
1067 356 1179 408 quod

192 418 379 471 Angulus
399 417 465 457 iste
494 416 591 457 feret
615 417 722 470 piper
745 416 786 457 &
812 426 876 456 tus
901 417 1012 457 ocius
1037 431 1146 467 uva;

191 479 277 520 Nec
304 479 427 519 vicina
455 475 579 518 subest
595 479 738 535 *vinum
766 478 942 532 praebere
965 479 1126 521 taberna

191 539 301 592 Quae
334 538 447 593 poffit
469 539 562 588 tibi3
589 552 663 580 nec
691 539 875 580 meretrix
894 540 1080 590 tibicina,
1109 540 1224 595 cujus
1425 556 1476 599 25

194 602 259 643 Ad
283 601 481 656 strepitum
508 601 615 642 salias
637 612 753 642 terrae
776 602 932 656 gravis:
959 602 1001 643 δι
1026 613 1153 644 tamen
1179 617 1294 659 urges

193 666 426 718 Jampridem
449 678 531 705 non
551 664 652 705 racia
675 665 872 719 ligonibus
896 678 1016 716 arva,
1044 666 1273 722 bovemque

194 727 447 781 Disjunaum
472 741 584 769 curas
599 759 611 777 ,
638 729 680 769 δι
705 727 838 768 ίὶτὶέὶίε
856 725 1059 769 frondibus
1076 728 1231 782 exples:

193 790 315 832 Addit
340 803 441 843 opus
469 790 584 843 pigro
606 790 741 836 rivus,
766 787 794 829 fi
815 789 955 830 decidit
979 789 1127 838 imber,

193 854 323 894 Multa
348 853 453 894 mole
470 853 666 893 docendus
689 853 822 905 aprico
846 864 1004 906 parcere
1025 847 1153 906 prato.
1426 867 1479 909 30

194 915 339 962 Nunc,
363 927 456 968 age,
482 915 574 968 quid
594 914 769 954 nostrum
795 924 1035 954 concentum
1060 914 1225 964 dividat,
1254 915 1356 956 audi.

196 979 336 1032 Quem
361 991 499 1020 tenues
524 979 687 1019 decuere
708 989 813 1032 togae
837 978 1029 1031 nitidique
1054 977 1210 1032 capilli,

195 1041 336 1095 Quem
357 1040 428 1081 scis
451 1041 664 1081 immunem
687 1039 841 1080 Cinarae
867 1038 1050 1093 placuisse
1080 1040 1234 1093 rapaci,

196 1102 334 1156 Quem
367 1102 543 1142 bibulum
571 1102 704 1156 liquidi
732 1102 932 1142 media-de
959 1102 1046 1142 luce
1063 1102 1240 1150 Falerni,

195 1165 323 1206 Coena
344 1163 477 1206 brevis
498 1164 633 1217 juvat,
662 1165 703 1206 δι
726 1177 852 1218 prope
874 1164 1187 1207 rivum'somnus
1201 1166 1242 1206 in
1259 1165 1396 1209 herba:
1426 1181 1476 1223 35

195 1228 283 1268 Nec
309 1227 433 1268 lufiffe
458 1228 599 1280 pudet,
620 1226 683 1268 sed
707 1240 789 1267 non
811 1227 975 1300 incidere
999 1227 1148 1270 ludum.

196 1291 293 1332 Non
310 1291 391 1332 istic
409 1291 576 1345 obliquo
605 1291 726 1332 oculo
749 1305 836 1347 mea
855 1292 1068 1332 commoda
1096 1292 1300 1348 quisquam

197 1354 347 1402 Limat3
366 1366 447 1394 non
473 1355 569 1395 odio
588 1353 760 1403 obscuro
787 1353 999 1408 morsuque
1019 1366 1211 1399 venenat:

198 1415 344 1456 Rident
374 1417 496 1457 vicini
512 1417 650 1468 glebas
674 1417 716 1458 δι
738 1417 825 1458 saxa
846 1429 1090 1459 moventem.

197 1479 302 1520 Cum
329 1478 447 1520 servis
476 1480 625 1524 urbana
645 1481 766 1521 diaria
791 1481 930 1522 rodere
958 1482 1107 1530 mavis;
1424 1497 1478 1534 40

198 1541 357 1595 Horum
383 1552 425 1582 tu
445 1542 484 1582 in
513 1556 720 1591 numerum
751 1555 852 1585 voro
877 1544 970 1584 ruis.
993 1543 1146 1584 Invidet
1167 1545 1279 1585 usum
1403 1536 1411 1542 ’

198 1600 414 1656 Lignorum
438 1603 480 1644 δι
500 1605 653 1658 pecoris
683 1605 753 1645 tibi
773 1605 862 1645 calo
892 1616 1078 1657 argutus,
1097 1605 1140 1645 &
1162 1605 1280 1645 horti.

199 1666 325 1720 Optat
345 1668 526 1721 ephippia
552 1668 624 1708 bos
646 1667 777 1721 piger;
807 1678 919 1722 optat
940 1680 1049 1708 arare
1072 1667 1254 1710 caballus.

201 1728 340 1782 Quam
363 1729 431 1771 scit
453 1741 640 1784 uterque,
659 1730 785 1772 libens
806 1729 1028 1785 (censebo)
1050 1742 1229 1773 exerceat
1251 1740 1386 1773 artem.

479 1919 1018 1967 EPISTOLA
1085 1919 1263 1966 XV.'

311 2074 423 2117 AD
484 2074 990 2118 NUMONIUM
1052 2062 1374 2126 VALAM.

285 2217 464 2260 Horatius
509 2221 673 2260 curandae
711 2219 928 2259 valetudinis
967 2217 1077 2272 causa
1107 2217 1394 2273 philospphicum

459 2291 462 2296 '
691 2299 811 2326 arcum
841 2284 997 2324 retendit.

210 2377 375 2471 QUAE.
396 2416 442 2456 fit
470 2415 591 2457 hiems
614 2417 766 2466 Veliae,
793 2417 900 2471 quod
922 2417 1065 2458 coelum
1079 2448 1091 2464 ,
1113 2417 1238 2466 Vala,
1260 2415 1428 2466 Salerni,

208 2478 401 2531 Quorum
424 2479 627 2520 hominum
651 2483 784 2535 regio,
809 2481 851 2521 &
877 2481 1003 2534 qualis
1033 2482 1099 2522 via
1121 2485 1237 2532 (nam
1259 2480 1351 2521 mihi
1367 2479 1485 2533 Bajas

130 2546 138 2551 ’
208 2539 322 2583 Musa
345 2541 606 2598 supervacuas
633 2545 858 2593 Antonius,
877 2545 920 2586 δι
947 2556 1078 2587 tamen
1098 2545 1175 2586 illis
