1592 2898
209 214 276 265 ⁴88
423 217 485 289 Q·
550 215 922 269 HORATII
986 216 1292 268 FLAcc1
1362 284 1366 287 η

669 435 861 485 oDE
918 436 1081 484 XIX.

513 604 620 646 AD
688 603 1188 647 TELEPHUM.'

215 752 446 807 Reprehendit
469 767 544 792 eum
557 783 571 800 ‚
601 752 699 806 quod
720 764 867 791 veterum
886 751 1100 805 historiarum
1115 749 1233 803 studio
1257 723 1391 789 deditur
1405 781 1418 799 ‚
1440 763 1482 790 «a

269 830 346 868 qraae
365 816 416 858 ad
437 815 592 856 hilariter
605 815 641 854 ἃ*
653 813 810 868 J'ucunde
833 814 1021 854 vivendum
1038 813 1235 867 pertinent,
1266 811 1429 866 negligat.

217 917 495 1010 QUAM-um
520 957 626 997 distet
645 956 694 996 ab
717 955 863 997 Inacho

267 1019 443 1069 Codrus,
463 1031 536 1072 pro
562 1018 684 1070 patria
703 1029 785 1059 non
807 1015 959 1056 timidus
981 1014 1110 1065 mori,

215 1081 386 1130 Narras,
413 1084 453 1123 δι
475 1095 598 1135 genus
624 1081 757 1130 AEaci,
975 1104 977 1106 -

271 1144 320 1184 Et
344 1157 513 1198 pugnata
538 1143 644 1184 sacro
667 1143 764 1182 bella
787 1141 857 1183 sub
877 1139 970 1181 Ilio:

219 1204 321 1258 Quo
341 1205 485 1247 Chium
503 1205 626 1258 pretio
647 1204 787 1244 cadum
1467 1210 1486 1251 ς

274 1268 518 1316 Mercemur,
541 1267 626 1322 quis
647 1279 787 1320 aquam
824 1273 1012 1319 temperet
1041 1262 1219 1319 ignibus;

219 1329 322 1383 Quo
355 1332 551 1384 praebente
570 1331 731 1372 domum
757 1328 798 1368 &
818 1338 940 1381 quota

275 1394 435 1447 pelignis
457 1406 604 1435 caream
635 1390 868 1445 fngoribus,
889 1400 1003 1430 taces.

219 1455 283 1496 Da
306 1456 426 1496 Lunae
451 1467 614 1507 propere
643 1466 762 1493 novae
781 1482 792 1500 ‚

184 1544 190 1551 -
275 1517 340 1557 Da
359 1517 496 1559 Νοᾶἰς
518 1516 673 1564 mediae,
697 1515 743 1553 da
758 1543 771 1559 ,
797 1524 922 1567 puer,
951 1508 1107 1564 auguris
1441 1517 1491 1548 ιο

221 1581 426 1624 Murenae:
447 1582 571 1621 tribus
598 1590 666 1619 aut
690 1589 834 1617 novem

277 1642 488 1682 Miscentur
512 1639 663 1691 cyathis
688 1637 828 1690 pocula
853 1633 1081 1676 commodis.

223 1703 310 1757 Qui
338 1703 471 1745 Musas
494 1714 596 1742 amat
610 1701 797 1754 impares,

277 1767 431 1809 Temos
457 1777 516 1806 ter
541 1764 708 1817 cyathos
730 1761 924 1801 attonitus
948 1768 1051 1813 petet

223 1832 369 1873 Vates:
395 1841 474 1869 tres
499 1828 675 1881 prohibet
699 1824 812 1879 supra
1443 1832 1462 1859 1
1471 1828 1492 1871 ς

279 1893 464 1933 Rixarum
485 1902 661 1931 metuens
688 1899 846 1941 tangere
871 1884 1009 1926 Gratia
1025 1915 1040 1932 ,

224 1957 347 1998 Nudis
373 1953 505 2007 juncsska
528 1952 736 1993 sororibus.

279 2017 447 2058 lnsanire
467 2015 601 2068 juvat:
629 2026 701 2053 cur
725 2009 973 2064 Berecyntiae

226 2081 382 2123 cessant
399 2079 554 2121 flamina
578 2075 713 2117 tibiae?

282 2141 366 2183 Cur
397 2140 534 2193 pendet
557 2141 671 2178 tacita
695 2135 820 2177 fistula
848 2147 936 2176 cum
962 2133 1075 2186 lyra?
1445 2138 1498 2169 ιο

227 2204 433 2247 Parcentes
461 2215 538 2255 ego
566 2201 740 2241 dexteras

283 2266 388 2308 Odi:
412 2265 545 2319 sparge
574 2262 703 2305 rosas:
731 2260 858 2302 audiat
880 2255 1031 2298 invidus

227 2329 463 2373 Dementem
487 2326 683 2378 strepitum
714 2323 869 2375 Lycus,

284 2391 332 2431 Et
353 2390 483 2433 vicina
503 2387 579 2429 seni
600 2399 683 2427 non
706 2383 838 2424 habilis
864 2382 991 2434 Lyco.

229 2452 349 2508 Spiffa
369 2465 408 2492 re
427 2452 590 2492 nitidum
621 2461 756 2496 coma,
1410 2432 1411 2441 ¹
1450 2447 1500 2490 25

285 2517 388 2562 Puro
406 2527 446 2560 te
472 2515 631 2557 fimnem
647 2544 660 2564 ,
681 2510 852 2570 Telephe
867 2540 879 2560 ,
901 2506 1109 2562 Vespero,
