1592 2898
306 247 787 312 CARMINUM
842 255 990 304 LIB.
1047 253 1148 302 1v.

106 374 252 417 Fronte
270 381 455 414 curvatos
479 368 649 409 imitatus
674 367 781 420 ignes

102 434 277 477 Tertium
301 431 422 473 Lunae
444 428 645 470 referentis
673 438 806 467 ortum
820 455 835 472 ,

105 495 203 552 Qua
221 503 352 537 notam
375 492 508 540 duxit,
531 490 671 530 niveus
687 488 832 538 videri,

218 571 222 574 ·
397 552 538 596 Cetera
559 549 706 592 fulvus.

553 719 747 768 ODE
808 719 932 765 III.

344 866 453 910 An
505 846 1130 910 ME‘LPOMENEN.

231 1003 296 1046 Illi
321 1016 497 1058 acceptum
522 1001 640 1054 refert,
668 1001 763 1053 quod
777 1010 902 1053 poetas
929 997 1017 1037 inter
1043 995 1236 1035 celebretur.

114 1094 294 1188 QUEM
314 1134 380 1173 tu,
402 1121 650 1175 Melpomene
664 1148 677 1164 ,
703 1115 816 1156 semel

169 1186 393 1230 Nascentem
422 1183 572 1239 placido
597 1180 741 1222 lumine
765 1176 932 1224 videris,

113 1248 227 1289 Illum
255 1261 336 1288 non
357 1246 466 1286 labor
493 1243 672 1285 Isthmius

169 1308 339 1351 elambit
357 1308 522 1364 pugi‘lem
536 1337 549 1355 ,
570 1317 651 1346 non
672 1315 798 1358 equus
822 1299 982 1354 impiger

115 1371 248 1414 Curru
267 1372 381 1412 ducet
406 1369 578 1411 Achaico

169 1433 395 1481 Viam-em,
418 1442 544 1483 neque
567 1439 626 1468 res
650 1424 785 1466 bellica
812 1422 937 1464 Deliis

118 1493 315 1536 Ornatam
341 1492 442 1534 foliis
470 1491 607 1532 ducem
622 1519 636 1538 ,

173 1555 299 1609 Quod
318 1567 451 1608 regum
471 1552 636 1594 tumidas
654 1548 876 1591 contuderit
900 1547 1046 1595 minas,

29 1658 37 1663 .
115 1614 300 1658 Ostendet
316 1613 544 1668 Capitolio:
574 1622 577 1624 ’

172 1680 246 1720 Sed
265 1693 354 1733 quae
371 1678 498 1719 Tibur
522 1689 632 1729 aquae
651 1673 775 1715 fertile
800 1673 1035 1728 praefluunt,

121 1741 172 1782 Et
191 1739 312 1794 spiffae
335 1752 538 1780 nemorum
568 1750 695 1778 comae
710 1765 724 1785 ,

175 1802 335 1858 fingent
361 1800 494 1842 AEolio
518 1798 686 1840 carmine
712 1795 896 1837 nobilem.

123 1863 264 1906 Romae
285 1862 466 1916 principis
490 1860 644 1902 urbium

178 1927 374 1981 Dignatur
395 1925 548 1967 suboles
572 1924 669 1963 inter
691 1919 871 1972 amabiles

127 1989 273 2031 Vatum
292 2001 439 2041 ponere
464 1999 526 2027 me
550 1985 723 2026 choros:

181 2051 228 2092 Et
253 2049 330 2102 jam
360 2050 473 2090 dente
494 2047 620 2087 minus
639 2044 820 2087 mordeor
845 2038 993 2083 invido.
1037 2051 1048 2056 ·

125 2112 193 2161 Ο,
219 2112 412 2154 testudinis
434 2123 563 2160 aureae
958 2134 962 2139 ·

179 2174 344 2217 Dulcem
367 2187 455 2229 quae
483 2172 677 2226 strepitum
693 2201 706 2220 ,
730 2168 855 2218 Pieri,
879 2178 1092 2222 temperas:

122 2238 189 2286 O,
211 2238 327 2278 mutis
348 2249 507 2291 quoque
536 2234 701 2290 piscibus
736 2283 738 2285 ,

183 2297 388 2339 Donatura
412 2298 551 2351 cycni,
576 2296 604 2337 fi
630 2297 769 2343 libeat,
792 2293 955 2335 sonum!

79 2420 82 2423 ἱ
128 2362 278 2404 Totum
299 2362 465 2403 muneris
482 2361 560 2403 hoc
579 2361 637 2402 tu²¹
659 2360 714 2401 est
730 2389 743 2409 ‚

185 2424 311 2477 Quod
333 2423 524 2464 monstror
542 2424 665 2476 digito
687 2420 1001 2477 praetereuntium

129 2486 318 2528 Romanae
343 2486 482 2527 fidicen
507 2487 626 2539 lyrae:

183 2547 309 2607 Quod
333 2547 433 2604 spiro
458 2547 501 2589 δι
522 2547 658 2604 placeo
681 2546 734 2602 (fi
760 2544 928 2601 placeo)
955 2555 1067 2585 tuum
1090 2540 1155 2581 est.

1276 267 1367 314 107

1335 1677 1386 1708 10

1344 1985 1390 2029 ¹5

1346 2297 1398 2327 20
