1592 2898
358 203 829 269 SERMONUM
895 201 1030 250 Lm.
1084 203 1121 249 1.
1288 205 1380 267 169

121 313 334 360 eonfinum
350 313 573 368 proprium:
599 323 729 366 neque
747 310 851 352 enim
864 340 878 357 ,
896 320 985 350 cum
1005 307 1167 350 lectulus
1190 317 1258 348 aut
1280 319 1344 348 me

119 378 299 419 Porticus
318 376 494 430 excepit,
519 373 647 416 desum
668 374 786 414 mihi:
810 373 967 414 Rectius
991 371 1071 412 hoc
1102 370 1184 420 est3

122 438 216 480 Hoc
234 435 401 493 faciens,
428 430 560 476 vivam
586 435 750 484 melius;
778 433 830 476 fic
853 434 972 475 dulcis
992 433 1123 474 amicis
1309 440 1383 486 ης

123 497 359 540 occurram:
391 497 468 538 hoc
491 497 646 550 quidam
668 508 751 536 non
776 496 902 544 belle3
922 494 1109 549 numquid
1137 506 1214 548 ego
1236 494 1291 534 illi

122 557 351 614 Imprudens
372 557 466 600 olim
488 557 628 616 faciam
651 556 802 598 limile?
827 557 926 597 Haec
948 569 1025 610 ego
1047 566 1199 597 mecum

124 619 358 674 Compreffis
377 620 486 674 agito
509 619 645 662 labris:
666 620 734 661 ubi
757 620 852 674 quid
873 621 985 660 datur
1009 621 1096 667 oti,

123 681 249 725 Illudo
268 681 429 723 chartis:
454 680 533 722 hoc
553 680 608 722 est
625 681 881 723 mediocribus
901 680 976 721 illis

124 738 185 785 Ex
207 746 310 786 vitiis
336 756 485 794 unum;
511 745 577 786 cui
599 743 630 785 fi
654 745 868 786 concedere
895 744 1021 791 nolis,
1314 750 1391 791 140

126 805 254 847 Multa
270 805 478 848 Poetarum
498 806 628 847 veniat
648 817 813 856 manus,
834 806 988 847 aux‘ilio
1007 817 1098 860 quae

127 868 186 910 Sit
209 869 329 917 mihi,
352 869 467 923 (nam
489 869 616 910 multo
639 869 767 923 plures
791 868 948 922 sumus)
973 881 1017 909 ac
1035 867 1160 908 veluti
1188 878 1229 908 te

128 930 252 972 Judaei
275 943 459 986 cogemus
484 932 525 971 in
553 931 652 973 hanc
675 931 890 974 concedere
911 930 1077 972 turbam.

510 1125 614 1172 SA
658 1124 900 1171 TIRA
972 1123 1017 1170 V.

234 1288 496 1332 'ITER
549 1287 1236 1343 BRUNDUSINUM.

136 1405 399 1481 Eeussuu
427 1445 565 1488 magna
590 1446 656 1474 me
677 1432 831 1487 excepit
855 1432 986 1474 Aricia
1010 1432 1141 1474 Roma

133 1496 315 1552 Hospitio
335 1496 514 1545 modic03
537 1495 691 1536 Rhetor
713 1507 846 1537 comes
867 1495 1127 1545 Heliodorus,

135 1557 370 1600 Graecorum
397 1557 539 1611 linguae
561 1556 806 1600 doaiffimus.
832 1557 928 1597 Inde
947 1555 1095 1598 Forum
1112 1556 1241 1613 Appi,

133 1617 344 1660 Differtum
371 1619 521 1665 nautis,
543 1618 785 1672 cauponibus
807 1628 925 1673 atque
956 1618 1146 1673 malignis.

134 1680 258 1722 Hoc
247 1691 322 1721 lter
340 1680 472 1734 ignavi
492 1678 712 1729 divifimtis,
731 1679 849 1720 altius
875 1692 922 1720 ac
946 1692 1019 1720 nos
1380 1678 1402 1735 ’ς

134 1740 356 1783 Praecinffis
379 1754 526 1781 unum:
555 1741 684 1781 minus
704 1740 760 1781 est
784 1741 914 1794 gravis
938 1740 1069 1794 Appia
1086 1740 1213 1782 tardis.

136 1803 214 1844 Hic
236 1815 333 1857 ego,
354 1812 515 1856 propter
537 1813 677 1855 aquam
691 1829 706 1848 ,
725 1801 832 1855 quod
857 1810 940 1841 erat
966 1802 1186 1851 teterrima,
1208 1802 1338 1845 ventri

133 1864 270 1906 Indico
290 1863 434 1904 bellum
447 1892 460 1911 ‚
484 1873 683 1903 coenantes
702 1862 801 1902 haud
825 1862 958 1903 animo
978 1875 1096 1917 aequo

134 1924 370 1979 Exspeaans
391 1923 569 1965 comites.
594 1924 682 1964 Iam
712 1935 793 1964 nox
817 1924 998 1965 inducere
1015 1926 1128 1966 terris

137 1984 331 2032 Umbras,
350 1985 393 2035 δι
415 1985 521 2026 coelo
542 1983 760 2033 diffundere
787 1985 893 2038 figna
916 1986 1098 2037 parabat:
1357 1998 1406 2030 ιο

143 2045 246 2086 Tum
262 2047 371 2100 pueri
389 2048 537 2096 nautis,
558 2048 687 2102 pueris
712 2048 896 2088 convicia
916 2059 1045 2088 nautae
1132 2083 1138 2090 .

143 2106 335 2160 Ingerere.
350 2129 397 2139 —
409 2108 502 2149 Huc
517 2109 678 2162 appelle.
694 2127 742 2140 -—
757 2109 976 2150 Trecentos
990 2108 1143 2159 inseris,
1170 2110 1269 2152 ohe!

143 2167 230 2209 Iam
250 2166 334 2208 satis
354 2168 419 2210 est.
432 2191 478 2202 --
503 2169 616 2210 Dum
635 2181 690 2211 aes
709 2170 896 2226 exigitur,
924 2171 1016 2211 dum
1042 2162 1146 2212 mula
1164 2172 1325 2227 ligatur,

145 2227 251 2269 Tota
266 2229 347 2269 abit
369 2229 488 2271 hora:
515 2231 603 2271 mali
622 2231 790 2280 culices,
807 2243 994 2286 ranaeque
1018 2233 1204 2287 palustres

146 2288 341 2330 Avertunt
361 2289 536 2332 somnos:
560 2292 753 2334 absentem
782 2304 827 2334 ut
845 2305 977 2334 cantat
993 2297 1154 2338 amicam
1356 2308 1404 2353 ις

147 2351 258 2391 Mula
283 2352 458 2405 prolutus
476 2367 604 2408 vappa
623 2366 741 2396 nauta
754 2386 768 2404 ‚
791 2366 908 2410 atque
932 2357 1062 2399 viator

146 2411 360 2454 Certatim:
381 2414 532 2455 tandem
551 2415 665 2458 feffus
685 2417 852 2458 dormire
871 2418 1005 2458 viator

140 2474 312 2530 ⁴Incipit3
333 2488 377 2518 ac
396 2474 513 2518 miffae
538 2476 686 2532 pastum
707 2479 917 2521 retinacula
941 2478 1058 2520 mulae
