1592 2898
314 242 798 291 SERMONUM
851 241 995 288 LIB.
1046 241 1121 290 II.
1269 261 1352 308 193

95 349 153 391 Ut
167 348 397 404 lethargicus
409 350 493 399 hic,
510 356 599 391 cum
614 347 659 390 fit
672 348 801 403 pugil,
820 347 861 389 δι
882 348 1070 389 medicum
1086 330 1211 403 urget.
1230 370 1277 381 —
1312 363 1361 403 30

96 409 207 451 Dum
222 423 272 451 ne
286 410 377 464 quid
395 410 512 451 simile
529 410 644 459 huic,
663 409 746 451 esto
764 408 929 450 utlibet.
945 431 990 440 —
1003 409 1045 450 Ο
1063 411 1192 458 bone,
1210 423 1260 452 ne
1279 421 1321 453 te

94 469 312 522 Frustrere3
329 471 470 513 insanis
486 473 527 514 δι
541 484 606 521 tu,
623 472 803 527 stultique
820 484 944 526 prope
958 484 1114 522 omnes,

4 565 6 569 ,
94 530 133 571 Si
150 532 241 586 quid
255 532 461 574 Stertinius
478 535 564 574 veri
584 543 737 587 crepat;
759 533 861 573 unde
881 544 958 585 ego
975 533 1070 572 mira

94 593 286 648 Descripfi
308 596 442 637 docilis
462 607 654 650 praecepta
678 596 788 646 haec,
812 607 990 649 tempore
1015 609 1099 650 quo
1124 610 1188 638 me

94 653 248 696 Solatus
269 654 372 708 juffit
389 655 595 710 sapientem
618 655 771 710 pascere
790 656 947 696 barbam
963 685 978 703 ‚
1300 670 1361 713 ‚35

94 716 228 772 Atque
247 729 272 758 e
290 716 469 759 Fabricio
492 730 572 759 non
596 716 736 758 tristem
762 727 883 770 ponte
906 718 1064 757 reverti.

94 778 198 820 Nam
221 779 321 820 male
339 792 382 821 ne
400 779 503 835 gesta
526 793 616 821 cum
636 778 775 820 vellem
795 779 948 819 mittere
972 789 1116 833 operto

96 839 166 880 Me
187 841 311 894 capite
332 841 375 881 in
392 840 535 881 flumen
547 872 560 891 ,
580 839 712 880 dexter
732 839 855 889 stetit,
880 840 922 880 δι
940 837 1054 880 Cave
1075 839 1174 882 faxis

97 901 160 942 Te
175 902 386 956 quidquam
405 903 626 956 indignum:
647 900 773 955 pudor
784 929 799 948 ,
822 899 970 951 inquit,
988 909 1028 940 te
1044 901 1171 943 malus
1187 903 1315 958 angit,

95 962 255 1004 Insanos
275 964 343 1017 qui
362 965 461 1005 inter
479 977 640 1004 vereare
658 961 812 1005 insanus
834 961 981 1002 haberi.
1310 978 1367 1016 40

96 1023 266 1066 Primum
280 1038 367 1065 nam
379 1025 593 1079 inquiram,
609 1024 702 1079 quid
718 1024 763 1068 fit
781 1023 933 1064 furere:
955 1024 1033 1064 hoc
1050 1024 1076 1064 fi
1090 1025 1162 1066 erit
1178 1027 1217 1068 in
1230 1037 1271 1069 te

99 1087 222 1135 Solo,
242 1087 297 1127 nil
321 1087 455 1136 verbi,
481 1100 614 1142 pereas
636 1088 733 1141 quin
753 1086 932 1137 fortiter,
949 1087 1097 1129 addam.

100 1148 234 1203 Quem
260 1149 359 1190 mala
383 1149 562 1197 stultitia,
580 1148 623 1190 &
641 1160 916 1203 quemcunque
946 1148 1091 1189 inscitia
1114 1151 1198 1191 veri

101 1211 264 1251 Caecum
286 1212 364 1264 agit
377 1240 390 1258 ,
409 1209 585 1250 insanum
601 1208 810 1264 Chrysippi
829 1210 1002 1264 porticus
1024 1210 1064 1250 δι
1090 1224 1186 1265 grex

76 1306 82 1311 .
102 1272 303 1312 Autumat.
326 1272 423 1311 Haec
445 1271 632 1324 populos,
655 1271 738 1310 haec
758 1282 922 1323 magnos
944 1268 1113 1311 formula
1130 1283 1262 1326 reges,
1314 1285 1366 1329 45

100 1333 274 1387 Excepto
295 1332 485 1386 sapiente,
507 1344 623 1373 tenet.
645 1333 764 1373 Nunc
782 1333 942 1386 accipe,
964 1345 1086 1385 quare

100 1395 305 1450 Defipiant
325 1408 484 1442 omnes,
514 1408 626 1449 aeque
646 1408 691 1436 ac
713 1406 782 1443 tu,
803 1396 872 1449 qui
890 1394 961 1434 tibi
983 1408 1128 1437 nomen

100 1456 241 1498 Insano
262 1457 434 1511 posuere.
452 1458 574 1498 Velut
590 1457 719 1505 silvis,
731 1458 809 1498 ubi
829 1455 964 1511 paffim
1046 1496 1049 1498 ,

98 1519 272 1560 palantes
293 1531 406 1559 error
424 1530 534 1560 certo
557 1520 605 1559 de
628 1519 779 1559 tramite
801 1518 934 1572 pellit3

99 1582 170 1623 lue
187 1581 462 1632 sinistrorsum,
478 1582 540 1623 hic
558 1580 802 1622 dextrorsum
823 1582 920 1631 abit;
950 1595 1051 1623 unus
1071 1584 1226 1640 utrique
1323 1601 1372 1643 50

102 1643 245 1693 Error,
273 1643 334 1684 sed
356 1644 474 1684 variis
495 1643 615 1684 illudit
639 1643 832 1697 partibus·
858 1644 935 1683 hoc
959 1653 999 1684 te

101 1705 226 1748 Crede
249 1707 368 1748 modo
394 1706 566 1747 insanum
578 1736 592 1754 ,
609 1707 731 1749 nihilo
753 1718 798 1747 ut
818 1706 1023 1761 sapientior
1039 1707 1100 1749 ille
1115 1740 1129 1759 ,

102 1767 192 1822 Qui
212 1780 252 1808 te
272 1769 439 1816 deridet,
471 1770 632 1809 caudam
654 1769 792 1808 trahat.
814 1769 878 1809 Est
898 1782 1019 1824 genus
1040 1783 1165 1812 unum

101 1830 303 1880 stultitiae,
327 1831 487 1871 nihilum
509 1831 711 1880 metuenda
735 1832 928 1881 timentis3
947 1843 991 1872 ut
1012 1833 1141 1886 ignes,

103 1893 161 1934 Ut
178 1906 295 1945 rupes
309 1924 319 1940 ,
339 1892 558 1946 fluviosque
580 1893 619 1932 in
638 1904 778 1946 campo
799 1893 951 1934 obstare
971 1907 1181 1948 queratur:
1323 1910 1369 1954 55

105 1954 282 1995 Alterum
300 1955 342 1996 &
355 1955 445 1995 huic
459 1967 596 1994 varum
606 1984 620 2001 ‚
635 1955 677 1994 δι
697 1955 818 1995 nihilo
837 1953 1059 2008 sapientius,
1078 1956 1188 2010 ignes

28 2028 36 2031 “
105 2015 176 2056 Per
193 2017 337 2056 medios
361 2015 580 2069 fluviosque
600 2017 760 2056 ruentis.
781 2015 932 2057 Clamet
956 2017 1081 2057 amica

105 2076 251 2124 Mater,
278 2077 434 2117 honesta
453 2076 589 2125 soror,
614 2089 702 2118 cum
723 2078 922 2130 cognatis,
944 2090 1076 2130 pater,
1100 2091 1227 2122 uxor:

106 2137 186 2177 Hic
204 2136 299 2177 foffa
318 2137 371 2177 est
394 2138 549 2191 ingens!
569 2138 629 2178 hic
651 2151 768 2192 rupes
784 2141 976 2179 maxima!
994 2138 1128 2182 serva!

105 2197 201 2237 Non
220 2199 340 2252 magis
359 2200 544 2249 audierit,
569 2214 686 2253 quam
705 2199 839 2241 Fufius
854 2201 985 2241 ebrius
1003 2202 1125 2251 olim,
1317 2207 1373 2248 60

106 2258 208 2299 Cum
231 2259 393 2300 Ilionam
418 2262 609 2309 edormit,
636 2261 805 2302 Catienis
831 2263 937 2303 mille
961 2264 1158 2315 ducentis,

110 2320 259 2368 Mater,
280 2332 318 2362 te
340 2323 512 2375 appelle,
539 2324 802 2364 clamantibus.
828 2325 932 2365 Huic
954 2338 1030 2379 ego
1051 2327 1215 2382 vulgum

110 2380 244 2420 Errori
269 2382 425 2422 similem
449 2385 629 2425 ςυηᾶὶυιιι
661 2385 822 2425 insanire
846 2386 1008 2427 docebo.

110 2441 254 2482 Insanit
283 2456 432 2484 veteres
456 2445 595 2486 statuas
616 2445 873 2500 Damasippus
897 2449 1073 2489 emendo.

110 2503 262 2556 Integer
284 2503 336 2543 est
358 2505 494 2546 mentis
520 2505 743 2561 Damasippi
766 2508 966 2548 creditor?
989 2507 1102 2552 Esto:
1144 2502 1169 2566 ’ἱ
1320 2514 1378 2568 65.

215 2571 403 2616 Horatius.
1088 2576 1127 2617 N
