1592 2898
217 226 308 273 104
407 212 467 281 Q·
535 210 919 266 HORATII
987 211 1294 260 FLACCI

213 318 484 359 Comiffabere
505 319 666 359 Maximi
684 350 697 368 ‚

267 381 304 421 Si
333 393 483 422 torrere
503 381 612 433 jecur
634 380 779 434 quaen's
808 381 1011 422 idoneum.

211 444 393 498 Namque
415 445 456 484 &
481 444 643 488 nobilis,
676 444 718 484 &
747 444 914 492 decens,

267 506 315 546 Et
339 520 415 561 pro
436 506 606 548 sollicitis
627 519 708 546 non
729 505 871 546 tacitus
893 507 991 558 reis,

210 567 261 611 Et
288 583 444 611 centum
475 584 570 624 puer
596 571 736 611 artium
753 599 765 619 ,

268 633 363 673 Late
386 633 491 686 figna
510 632 607 675 feret
634 632 780 673 militiae
803 644 907 675 tuae:

211 692 262 734 Et
285 695 523 748 quandoque
544 696 744 747 potentior

270 757 404 811 Largis
423 759 649 799 muneribus
669 757 790 798 riserit
811 757 940 799 aemuli
949 766 966 806 ‚⁴

215 820 396 862 Albanos
415 835 541 876 prope
563 832 602 863 te
627 822 735 864 lacus

270 882 392 923 Pmet
419 891 710 932 marmoream,
737 882 805 924 sub
827 883 935 925 trabe
958 883 1088 925 citrea.

214 945 298 986 Illic
326 946 491 999 plurima
513 946 671 987 naribus

272 1006 411 1047 Duces
437 1018 548 1053 tura,
574 1006 751 1061 iyraeque
779 1005 822 1047 &
847 1000 1095 1060 Berecyntiae

217 1068 477 1110 Deledabere
500 1070 606 1110 tibiae

272 1132 411 1174 Mixtis
431 1132 688 1180 carminibus,
714 1144 799 1173 non
819 1131 899 1173 fine
922 1130 1061 1173 fistula.

217 1193 298 1234 Illic
330 1195 390 1235 bis
415 1195 525 1248 pueti
552 1195 613 1236 die

274 1258 431 1298 Numen
455 1271 543 1298 cum
569 1257 710 1298 teneris
730 1256 948 1311 virginibus
971 1266 1084 1298 tuum

219 1319 458 1365 Laudantes‚
487 1320 584 1373 pede
605 1321 771 1360 candido

276 1381 322 1421 In
346 1395 496 1421 morem
518 1381 664 1422 Salium
691 1391 750 1422 ter
776 1382 954 1435 quatient
981 1382 1156 1423 humum.

219 1442 287 1483 Me
310 1457 380 1484 nec
403 1442 572 1492 femina,
602 1456 673 1484 nec
696 1456 793 1496 puer

274 1508 357 1547 Jam
374 1540 384 1557 ,
414 1520 485 1549 nec
509 1506 592 1561 spes
613 1508 730 1548 animi
756 1506 913 1549 credula
940 1507 1094 1553 mutui,

220 1569 307 1611 Nec
332 1582 483 1611 certare
498 1570 615 1623 juvat
639 1583 774 1615 mero,

275 1632 359 1672 Nec
380 1632 525 1672 vincire
545 1633 659 1672 novis
683 1641 864 1685 tempora
885 1631 1066 1672 floribus.
1093 1679 1099 1686 ‚

221 1695 295 1737 Sed
319 1709 413 1743 cur,
441 1696 543 1745 heu,
569 1697 776 1749 Ligurine,
803 1709 874 1737 cur

278 1759 416 1798 Manat
436 1770 521 1798 rara
546 1771 649 1798 meas
673 1758 835 1798 lacrima
859 1771 928 1812 per
953 1757 1095 1811 genas?

221 1821 305 1863 Cur
331 1820 494 1861 facunda
520 1834 657 1873 parum
685 1821 830 1861 decoro

274 1882 379 1923 Inter
401 1883 521 1923 verba
548 1883 648 1923 cadit
674 1883 806 1936 lingua
830 1881 1008 1923 silentio?

221 1947 434 1989 Noeturnis
461 1960 537 1999 ego
560 1945 717 1987 somniis

276 2007 362 2047 Jam
382 2017 540 2061 captum
562 2017 704 2054 tenen,
722 2005 803 2059 jam
827 2005 1030 2048 volucrem
1054 2004 1193 2059 sequor

221 2069 282 2124 Te
308 2081 375 2120 per
396 2069 569 2121 gramina
599 2067 730 2108 Martii

274 2130 443 2186 Campi,
464 2141 503 2173 te
521 2144 591 2187 per
619 2144 764 2187 aquas,
782 2131 901 2182 dure,
923 2128 1128 2175 volubiles.

1448 584 1494 628 ¹5

1447 893 1499 922 20

1445 1826 1494 1870 35

1443 2111 1497 2176 42³
