1592 2898
215 215 276 262 92
416 203 477 272 Q.
545 203 920 253 HORATII
989 207 1289 257 FLACCI

215 306 316 347 Nam
334 337 344 355 ‚
368 322 460 362 quae
484 309 602 350 nivali
632 309 794 364 pascitur
811 312 956 366 Algido

215 367 379 410 Devota
405 384 576 423 quercus
599 372 698 412 inter
722 372 765 412 δι
786 372 915 421 ilices,
1433 387 1483 416 ιο

267 430 352 470 Aut
376 430 508 471 crescit
530 431 692 472 Albanis
713 432 753 472 in
780 432 909 474 herbis
923 463 936 483 ‚

322 493 521 544 Vffifima,v
544 495 772 550 pontificum
797 496 954 540 secures

214 591 381 634 Cervice
403 594 535 647 tinget.
558 595 620 635 Te
645 595 737 635 nihil
757 597 894 637 attinet

215 655 385 697 Tentare
408 658 529 698 multa
554 658 659 698 caede
685 659 897 700 bidentium

265 716 415 758 Parvos
439 731 696 759 coronantem
721 720 875 762 marino
1435 733 1480 775 15

254 781 259 785 ’
321 780 431 823 Rore
451 781 563 823 Deos
590 781 795 837 fragilique
821 797 969 837 myrto.

217 884 407 925 Immunis
436 898 542 925 aram
572 885 600 925 fi
629 886 750 940 tetigit
776 898 940 933 manus,

212 948 307 989 Non
330 947 527 989 sumtuosa
553 948 728 989 blandior
755 942 881 989 hostia

264 1009 438 1050 Mollivit
454 1008 612 1050 aversos
641 1009 802 1059 Penates
815 1040 829 1057 ,

319 1071 437 1113 Farre
457 1071 524 1126 pio
552 1072 594 1113 &
624 1070 779 1113 saliente
803 1073 919 1114 mica.
1431 1084 1484 1115 20

613 1246 802 1293 ODE
860 1245 1074 1293 XXIV.

587 1383 674 1424 IN
727 1383 1105 1426 AVAROS.

211 1509 259 1550 In
284 1522 415 1549 avaros
440 1508 640 1556 invehitur,
666 1508 728 1561 qui
751 1509 872 1547 domos
897 1507 1055 1546 domibus
1073 1505 1224 1558 subinde
1248 1508 1408 1556 addunt,
1441 1507 1480 1546 in

267 1569 343 1623 ipso
361 1569 464 1609 etiam
492 1569 582 1609 mari
607 1569 841 1622 adificantes:
864 1582 941 1607 cum
968 1580 1082 1607 tamen
1103 1568 1207 1608 nulla
1232 1570 1382 1623 aedificia
1414 1583 1478 1618 neff-

267 1630 409 1683 cfftate
424 1632 542 1671 mortis
561 1645 618 1670 eos
637 1631 775 1670 liberare
786 1630 926 1684 poffint.
947 1630 1104 1683 Scythas
1115 1661 1128 1680 ‚
1153 1631 1215 1683 qui
1228 1631 1395 1684 plaustris
1412 1633 1478 1670 do-

267 1708 341 1732 mos
361 1694 453 1746 suas
480 1694 644 1741 trahant,
671 1693 707 1732 6³
732 1693 770 1732 in
801 1706 977 1731 commune
1006 1706 1108 1745 agros
1137 1692 1282 1740 colant,
1300 1691 1478 1745 feliciores

266 1754 329 1807 ff
349 1755 414 1795 ait.
444 1755 544 1807 Quin
558 1756 659 1794 etiam
685 1769 759 1793 eam
785 1768 916 1794 morum
941 1753 1165 1807 corruptelam
1183 1755 1219 1794 δ’
1235 1756 1406 1808 peccandi
1426 1755 1480 1794 li-

268 1818 414 1865 centiam
438 1820 540 1872 apud
555 1819 621 1857 lzos
650 1816 712 1870 ff
740 1829 865 1871 negat,
895 1829 971 1869 quae
989 1817 1041 1868 fit
1063 1817 1164 1868 apud
1187 1817 1383 1855 Romanos.
1413 1815 1483 1857 Ad

268 1880 339 1918 haec
364 1891 478 1918 autem
505 1880 602 1919 mala
635 1879 880 1932 exstirpanda,
910 1892 984 1917 una
1008 1891 1086 1916 cum
1103 1890 1219 1930 prava
1236 1876 1311 1922 ,illa
1331 1876 1481 1931 augendi

268 1955 348 1995 opes
370 1941 584 1995 cupich'tate,
601 1940 790 1995 disciplina
808 1940 974 1995 asperiore
989 1953 1078 1993 opus
1098 1937 1161 1992 ff
1181 1938 1276 1980 dicit.

216 2031 439 2105 Iunc-ns
467 2061 691 2115 opulentior

269 2122 477 2164 Thesauris
503 2123 677 2163 Arabum
701 2122 743 2164 δι
772 2122 899 2164 divitis
915 2122 1062 2170 Indiae,‘

217 2181 426 2223 Caementis
455 2183 546 2224 licet
566 2183 737 2237 occupes

272 2246 528 2297 Tyrrhenum
552 2259 670 2287 omne
692 2246 770 2287 tuis
792 2245 834 2287 δι
853 2258 959 2286 mare
986 2244 1195 2300 Apulicum
1207 2261 1224 2297 ;
1268 2258 1275 2268 ³

215 2309 254 2350 Si
277 2309 360 2362 figit
380 2309 646 2349 adamantinos
1459 2319 1479 2362 ς

271 2371 438 2412 Summis
454 2372 666 2413 verticibus
689 2371 770 2411 dira
795 2369 1004 2411 Neceffitas

163 2475 167 2479 ,
219 2432 395 2484 clavos,
421 2447 504 2474 non
529 2435 701 2474 animum
732 2445 857 2480 metu,

271 2497 365 2540 Non
385 2499 523 2540 mortis
542 2498 689 2553 laqueis
713 2497 891 2551 expedies
913 2508 1044 2551 caput.
