1592 2898
239 243 329 292 190
449 231 498 301 Q
562 231 938 280 HORATII
990 235 1301 285 FLACct

225 337 276 379 In
301 349 476 379 neutram
499 352 647 393 partem
671 341 799 381 cultus
826 341 951 383 miser.
969 342 1046 384 Hic
1065 356 1190 398 neque
1210 343 1356 394 servis,

233 399 370 441 Albuti
396 401 496 442 senis
519 403 725 458 exemplo,
755 404 848 444 dum
877 406 1012 445 munia
1040 407 1158 455 didit,

232 463 371 518 Saevus
392 464 486 512 etit3
508 477 661 519 neque,
683 465 779 507 sicut
795 466 956 521 simplex
978 467 1166 518 Naevius,
1186 468 1343 510 unc-‚tam

231 526 429 567 Convivis
453 528 641 582 praebebit
667 541 832 582 aquam:
857 529 995 569 vitium
1019 529 1095 571 hoc
1124 543 1285 584 quoque
1308 541 1501 585 magnum.

231 588 379 641 Accipe
401 601 532 636 nunc,
557 589 686 629 viflus
709 590 834 630 tenuis
853 603 942 644 quae
960 601 1183 644 quantaque
1207 590 1338 632 secum'
1453 602 1507 644 70

228 648 397 690 'Afferan
421 650 600 703 Inprimis
617 650 750 691 valeas
775 651 899 692 bene:
925 664 1013 691 nam
1028 681 1040 699 ,
1062 652 1185 693 variae
1207 665 1270 693 res

231 713 288 753 Ut
308 725 475 753 noceant
502 714 677 763 homini,
699 714 855 762 credas,
877 727 1030 755 memor
1051 715 1148 755 illius
1165 715 1260 756 escae
1277 745 1292 766 ,

231 771 341 825 Quae
363 773 522 827 simplex
544 775 637 815 olim
659 775 726 814 tibi
747 774 894 816 sederit.
922 776 978 815 At
997 775 1107 816 fimul
1122 775 1208 817 affis

230 834 436 877 Miscueris
459 837 582 883 elixa,
606 836 716 877 simul
743 838 950 891 conchylia
980 838 1124 887 turdis;

229 897 378 939 Dulcia
396 898 434 940 se
454 899 491 939 in
512 899 626 940 bilem
646 910 825 948 vertent,
848 899 1127 952 stomachoque
1145 900 1359 941 tumultum
1449 911 1500 954 75

228 957 351 1001 Lenta
370 960 465 1002 feret
489 962 639 1016 pituita.
656 962 779 1001 Vides
791 993 803 1011 ‚
822 973 866 1002 ut
887 961 1049 1014 pallidus
1067 961 1194 1001 omnis

228 1023 358 1065 Coena
381 1023 557 1077 desurgat
576 1024 721 1064 dubia?
750 1024 866 1078 Quin
890 1037 1032 1078 corpus
1053 1023 1235 1064 onustum

227 1085 426 1128 Hesternis
450 1086 553 1126 vitiis
570 1087 739 1126 animum
764 1098 925 1139 quoque
951 1098 1172 1139 praegravat
1194 1099 1298 1136 una,

228 1148 363 1202 Atque
380 1147 522 1201 adfligit
549 1148 674 1188 humo
697 1148 839 1188 divinae
857 1147 1087 1201 particulam
1109 1161 1227 1188 aurae.

227 1210 364 1258 Alter,
387 1211 453 1250 ubi
475 1210 577 1251 diae
599 1211 715 1251 citius
737 1222 870 1252 curata
895 1209 1026 1263 sopori
1142 1217 1145 1220 ’
1449 1209 1503 1252 8ο

227 1271 409 1312 Membra
427 1272 551 1319 dedit,
574 1284 737 1325 vegetus
764 1271 980 1326 praescripta
999 1271 1046 1312 ad
1068 1271 1200 1312 munia
1221 1271 1351 1326 surgit.

225 1334 306 1375 Hic
323 1344 452 1372 tamen
471 1332 518 1372 ad
540 1333 675 1372 melius
696 1335 840 1387 poterit
862 1332 1125 1373 transcurrere
1150 1335 1374 1388 quondam:

224 1397 315 1438 Sive
332 1396 431 1436 diem
455 1393 593 1436 festum
613 1397 762 1436 rediens
781 1397 984 1437 adduxerit
1015 1409 1162 1446 annus;
1352 1411 1355 1412 ⁷

224 1457 303 1499 Seu
322 1470 500 1498 recreare
522 1457 632 1497 volet
658 1468 860 1498 tenuatum
891 1470 1059 1510 corpus;
1084 1458 1232 1512 ubique

222 1519 421 1562 Accedent
442 1518 555 1565 anni,
578 1517 620 1557 &
645 1518 799 1558 traaari
823 1518 976 1557 mollius
1004 1527 1100 1556 aetas
1446 1514 1496 1570 85

220 1581 422 1623 Imbecilla
445 1581 579 1621 volet:
608 1580 677 1620 tibi
700 1580 881 1633 quidnam
908 1579 1065 1619 accedet
1085 1579 1132 1618 ad
1159 1577 1265 1619 istam
1279 1609 1294 1626 ‚
1455 1575 1458 1579 “

222 1643 365 1698 Quam
387 1655 482 1696 puer
504 1642 545 1682 δι
564 1641 718 1681 validus
740 1640 958 1695 praesumis,
990 1639 1216 1680 mollitiem:
1248 1640 1315 1680 seu

220 1705 338 1746 Dura
365 1704 549 1744 valetudo
572 1702 777 1750 inciderit,
796 1701 861 1742 seu
884 1701 990 1741 tarda
1015 1700 1215 1742 senestus?

220 1766 438 1808 Rancidum
464 1777 599 1818 aprum
623 1763 769 1816 antiqui
794 1762 1024 1803 laudabant:
1051 1775 1132 1802 non
1161 1761 1256 1815 quia
1280 1759 1392 1801 nasus

221 1829 299 1870 Illis
328 1827 458 1870 nullus
478 1837 560 1867 erat
573 1841 586 1876 3
608 1825 692 1873 sed,
719 1825 861 1872 credo,
885 1825 957 1865 hac
977 1834 1132 1872 mente,
1149 1824 1257 1878 quod
1279 1822 1417 1877 hospes
1444 1834 1498 1877 90

211 1892 390 1934 'Tardius
412 1891 621 1931 adveniens
642 1889 823 1928 vitiatum
854 1887 1122 1936 commodius,
1148 1899 1266 1941 quam

220 1955 424 2007 Integrum
450 1952 548 1992 edax
568 1950 748 1990 dominus
773 1948 1028 1989 consumeret.
1052 1947 1138 1988 Hos
1157 1948 1304 1988 utinam
1320 1946 1420 1986 inter

219 2015 374 2055 Heroas
392 2022 527 2051 natum
551 2009 686 2050 Tellus
706 2021 767 2048 me
785 2009 907 2060 prima
926 2007 1087 2048 tulisset!

217 2075 306 2117 Das
323 2075 463 2128 aliquid
486 2072 624 2121 famae,
645 2085 734 2125 quae
756 2072 928 2121 carmine
951 2070 1097 2124 gratior
1116 2081 1250 2109 aurem

218 2138 405 2190 Occupat
429 2132 664 2174 humanam?
684 2133 844 2186 grandes
864 2131 1021 2171 rhombi
1046 2132 1267 2184 patinaeque
1442 2140 1491 2182 95

217 2200 375 2242 Grande
397 2196 527 2237 ferunt
551 2207 632 2235 una
659 2207 750 2234 cum
774 2194 917 2232 damno
942 2191 1128 2232 dedecus:
1155 2191 1249 2230 adde

216 2262 367 2303 Iratum
391 2270 592 2313 patruum,
624 2257 800 2304 vicinos,
825 2265 863 2295 te
889 2255 958 2294 tibi
982 2254 1160 2306 iniquum
1178 2284 1189 2302 ‚
1283 2253 1288 2257 '

215 2324 267 2365 Et
294 2321 432 2363 frustra
460 2320 596 2360 mortis
623 2317 835 2372 cupidum,
859 2329 949 2356 cum
976 2315 1095 2354 deerit
1120 2314 1247 2367 egenti

217 2388 301 2436 As,
319 2384 450 2438 laquei
469 2382 649 2436 pretium.
667 2381 782 2428 Jure,
806 2379 954 2432 inquis,
974 2376 1163 2418 Traufius
1194 2376 1270 2419 istis
1384 2428 1386 2430 r

215 2451 400 2502 Iurgatur
421 2445 553 2486 verbis
574 2460 583 2487 :
614 2444 700 2497 Ego
724 2441 925 2494 vestigalia
950 2452 1123 2493 magna,
1418 2448 1495 2477 ιοο

214 2508 456 2563 Divitiasque
476 2508 602 2549 habeo
626 2506 748 2546 tribus
773 2504 919 2558 amplas
941 2505 1112 2556 regibus.
1134 2501 1241 2555 Ergo
