1592 2898
260 250 399 286 wa
509 241 847 290 NOTJTJA
879 235 1359 294 LJTERARJA'

420 329 651 371 Talbotiana
673 331 719 374 Π.
741 332 960 386 Cantabrig.
981 347 1042 376 12.

419 397 509 424 cum
527 386 687 426 Juvencii
709 387 827 427 notis.
853 387 890 427 8.

259 449 361 487 ¹702
418 438 643 479 Carminum
663 439 746 482 Lib.
763 440 792 481 Ι.
819 440 928 482 Paris.
947 456 985 491 4.

420 492 570 543 Opera,
593 507 681 534 cum
703 495 805 535 notis
826 495 995 537 Eduardi
1018 509 1040 536 a
1054 499 1185 538 Zurck.
1208 498 1330 540 Lond.
1351 498 1389 539 8.

418 547 546 598 Opera
566 558 799 600 expurgata,
820 562 910 590 cum
933 551 1033 591 notis
1047 553 1216 592 Juvencii.
1232 552 1363 592 Romae
1377 584 1390 602 ,
1409 552 1446 594 8.

251 601 568 652 —Opera‚
586 615 633 642 ex
653 603 774 643 Libris
796 603 908 645 MSS.
929 607 1037 655 juxta
1057 607 1149 646 edit.
1169 606 1341 658 Rutgers.
1370 609 1405 648 &
1430 607 1527 648 Can.

386 656 389 662 “
417 656 633 706 tabrigiens.
659 657 781 698 Lond.
805 671 863 699 12.

257 721 358 762 1704
413 710 678 752 Minellii-VII.
699 711 875 752 Francof.
888 714 923 753 &
942 712 989 754 H.
1003 714 1104 766 Typ.
1117 713 1179 762 Jo.
1197 714 1283 755 Nic.
1299 715 1470 756 Andreae.
1486 715 1523 756 8.
1585 738 1592 756 r

417 776 504 804 cum
526 765 625 805 notis
647 765 742 807 Dan.
761 767 910 819 Heinfii.
934 767 1087 808 Edimb.
1108 768 1145 809 8.
1470 773 1472 777 '

255 831 355 872 1705
413 831 447 858 c.
471 815 561 859 vers.
590 823 623 860 T
620 823 778 861 arteroni.
801 821 910 861 Paris.
933 821 971 863 8.

416 872 639 914 carminum
664 874 746 916 Lib.
762 874 809 915 11.
830 875 938 917 Paris.
960 890 998 924 4.

254 927 356 979 1706
412 927 456 968 In
478 926 584 967 usum
607 928 788 980 Delphini
805 929 857 979 V,
875 942 942 981 per
961 930 1057 972 Lud.
1071 930 1241 985 Desprez.
1264 931 1386 972 Lond.
1403 931 1439 972 8.

249 981 577 1023 ——Minellii
596 983 696 1024 Vlll.
723 983 846 1025 Lond.
871 984 908 1025 8.
983 1013 986 1015 -

412 1035 650 1087 Expurgata‚
671 1050 760 1077 cum
780 1047 951 1078 annotat.
966 1037 1042 1087 Jos.
1055 1039 1216 1081 Juvencii
1231 1040 1269 1080 S.
1281 1039 1319 1088 J.
1337 1039 1521 1082 Rothom.

408 1103 477 1141 per
495 1090 574 1139 Jac.
593 1090 670 1140 Jos.
692 1092 725 1131 le
749 1091 988 1143 Boullenger.
1014 1107 1073 1132 12.

251 1156 355 1195 1707
409 1143 560 1194 Opera,
583 1157 680 1192 cum*
700 1159 794 1187 varr.
814 1147 1055 1188 lectionibus.
1082 1146 1258 1188 Cantabr.
1288 1161 1346 1189 12.

250 1197 351 1249 1708
407 1197 574 1239 Minellii
592 1199 674 1249 IX,
697 1213 785 1240 cum
809 1200 913 1252 praef.
930 1200 1064 1241 Christ.
1082 1202 1256 1242 Junckeri.
1284 1201 1379 1253 Lips.
1397 1202 1434 1242 8.

326 1289 330 1291 .
409 1252 454 1294 ln
474 1253 583 1293 usum
601 1253 782 1304 Delphini
804 1255 867 1296 Vl.
883 1255 982 1297 Lud.
996 1256 1163 1311 Desprez.
1188 1255 1287 1308 Hag.
1302 1256 1344 1297 C.
1371 1258 1408 1297 8.

242 1307 636 1358 ——Expurgata.
658 1308 766 1349 Paris.
791 1309 828 1349 8.
1451 1334 1457 1338 ·

408 1362 555 1402 Baxteri
577 1373 694 1414 repet.
721 1364 884 1404 Londin.
906 1362 944 1403 8.
1419 1388 1422 1390 -
1588 1392 1592 1418 :

242 1429 496 1456 -—--acum
513 1418 613 1456 noris
626 1418 798 1458 Juvencii.
820 1418 944 1458 Editio
963 1417 1152 1469 prioribus
1172 1419 1318 1459 auctior
1332 1420 1368 1459 δι
1383 1430 1514 1458 emen·
1579 1434 1592 1470 g

405 1470 541 1511 datior.
563 1470 747 1512 Rothom.
770 1485 838 1524 per
862 1472 971 1513 Rich.
993 1471 1214 1513 Lallement.
1240 1472 1279 1514 8.

406 1525 515 1566 Odae.
541 1524 623 1567 Col.
642 1528 730 1577 Agr.
753 1525 792 1567 8.
819 1569 828 1576 ,

405 1592 494 1619 cum
514 1580 615 1619 notis
630 1581 805 1622 Juvencii.
826 1578 934 1621 Paris.
953 1592 1020 1631 per
1039 1579 1101 1629 Jo.
1119 1579 1274 1621 Mufier.
1289 1579 1328 1620 8.
1436 1605 1439 1610 ,

246 1645 346 1688 1709
401 1634 461 1674 Ad
481 1634 640 1674 modum
661 1636 823 1683 Minelfii.
841 1635 979 1675 Studio
998 1633 1270 1676 Chr.·Junckeri.
1286 1633 1387 1686 Lips.
1410 1648 1470 1675 12.

244 1700 349 1739 1710
402 1687 541 1728 Bondii
574 1688 712 1729 XLlV.
742 1689 922 1729 Hannov.
944 1688 982 1730 8.
1588 1724 1592 1739 ,

402 1741 485 1783 Lat.
500 1754 534 1783 c.
556 1742 646 1782 verfi
668 1742 766 1784 Gall.
790 1744 965 1785 Tarterom'
985 1742 1159 1797 notisque
1180 1743 1265 1784 crit.
1285 1742 1385 1784 Petri
1406 1744 1508 1798 Coste.
1584 1762 1592 1773 a

402 1811 425 1836 2
440 1796 530 1836 voll.
551 1797 664 1837 Amst.
693 1811 751 1838 12.
1460 1810 1467 1819 ·
1582 1795 1589 1841 'f

242 1861 340 1902 1711
399 1850 561 1900 Bentleji
578 1851 614 1901 Ι,
634 1863 681 1891 ex
702 1852 919 1892 recensione
939 1853 974 1892 ἀ
997 1863 1087 1891 cum
1109 1850 1208 1891 notis
1224 1849 1336 1893 Rich.
1350 1850 1512 1903 Bentleji.
1571 1875 1588 1901 q

400 1903 581 1945 cantabr.
594 1921 631 1956 4.
655 1906 700 1946 ln
719 1907 832 1961 hujps
851 1906 973 1945 critici
995 1907 1194 1954 doctrina,
1214 1918 1298 1956 quae
1319 1904 1408 1944 sane
1430 1917 1511 1943 ma·-
1577 1914 1585 1958 ς

370 1988 374 1992 ·
399 1972 475 2012 gna
499 1959 573 1999 fuit
598 1971 704 2009 aeque
725 1972 768 2001 ut
793 1961 976 2007 audacia,
1000 1960 1148 2009 stupere
1171 1959 1269 2000 solet
1290 1959 1510 1999 criticorum

398 2013 550 2065 vulgus.
572 2013 607 2054 Is
626 2024 730 2054 certe
745 2023 823 2054 tam
849 2028 898 2055 ex
916 2015 1042 2055 Codd.
1055 2013 1166 2055 MSS.
1184 2026 1300 2064 quam
1321 2025 1369 2052 ex
1390 2012 1510 2063 suspi-

399 2068 533 2115 cione,
560 2068 727 2119 amplius
751 2069 830 2109 Sco
852 2068 947 2108 locis
972 2069 1174 2109 Horatium
1193 2066 1253 2107 vel
1272 2067 1510 2114 emendavit,

398 2121 462 2162 vel
480 2123 700 2173 exagitavit.
725 2120 828 2163 Hinc
843 2122 922 2174 ipse
944 2124 1075 2162 nactus
1089 2121 1141 2162 est
1153 2120 1410 2169 adversarios,
1427 2133 1510 2172 par·
1574 2128 1577 2161 i

397 2176 469 2216 tim
491 2176 671 2226 acerbes,
689 2178 827 2227 partim
854 2179 952 2216 bene
973 2185 1152 2216 armatos.
1181 2175 1326 2216 Primus
1351 2174 1507 2225 quidem
1574 2228 1577 2231 .

399 2229 476 2270 fuit
491 2231 737 2282 Anonymus‚
759 2232 868 2280 cuius
881 2231 1002 2270 exstat
1020 2230 1242 2284 Aristarchus
1258 2230 1453 2284 ampullam
1471 2231 1508 2271 in
1570 2239 1576 2284 J

398 2286 490 2324 curis
511 2285 678 2331 Horatii,
706 2287 860 2326 auc‘kore
891 2285 1116 2338 philargyria
1146 2285 1312 2329 Cantabr.
1343 2282 1508 2324 Londin.
1566 2298 1573 2330 :J

401 2352 528 2389 1712,
550 2338 587 2378 8.
619 2338 803 2387 Alterius,
829 2337 985 2389 eiusque
1007 2337 1255 2388 ludimagistri
1274 2337 1508 2388 Nortingha-
1562 2376 1570 2386 ,.

398 2392 552 2432 mienfis
569 2394 670 2433 Rich.
686 2393 857 2445 Johnfhni
878 2393 931 2432 est
947 2393 1171 2446 Artflarchus
1187 2390 1503 2444 Amibenrlejanus.
1562 2404 1568 2416 ⁴

398 2447 642 2499 Nortingham.
661 2460 785 2499 1717,
800 2447 836 2486 8.
856 2446 891 2487 Is
913 2447 1068 2496 quidem
1092 2445 1265 2486 acerbior
1284 2444 1374 2492 fuit,
1391 2457 1504 2495 quam

362 2536 366 2540 ,
397 2500 531 2540 valens
553 2501 738 2541 doctrina.
759 2502 866 2542 Alex.
893 2501 981 2540 dein
1009 2500 1258 2555 Cuningamiux
1275 2499 1418 2539 vindex
1437 2511 1505 2538 ex-

391 2554 489 2595 ·stitit
522 2554 699 2604 Horatii,
724 2567 847 2606 neque
874 2567 956 2594 non
979 2554 1135 2606 ingenio
1156 2556 1191 2595 δι
1213 2553 1406 2603 doctrina,
1432 2564 1505 2608 qua
