1592 2898
222 230 420 273 XXVIII
478 222 806 270 NOTITIA
838 223 1251 274 LITERARIA

383 313 628 354 commentariis
653 328 728 367 quae
753 312 902 353 invenies
933 336 980 345 -
1010 314 1203 378 Registmm
1226 313 1330 368 hujus
1358 314 1494 367 open's,

383 367 489 420 (quo
515 366 750 418 fingulorum
771 369 1066 418 quaternionum
1095 368 1403 420 duplicatorum,
1421 370 1492 420 qui

384 421 474 461 sunt
492 434 564 474 25,
581 430 752 472 quatuor
758 423 884 472 prima
903 421 1000 462 folia
1021 422 1138 462 literis
1161 422 1355 474 alphabeti
1372 423 1394 462 s
1385 435 1491 474 gna

383 483 425 515 ta
451 484 632 515 notantur
651 488 674 515 a
693 485 790 515 voce
810 475 980 524 initiali.)
1002 476 1048 517 ln
1068 476 1144 517 fine
1162 476 1326 528 registri:
1345 477 1492 530 Christo-

382 530 485 584 phori
506 531 559 569 La
562 531 658 570 adini
679 530 899 570 Florentini'
885 546 922 570 m
944 532 1071 584 Quinti
1089 530 1234 572 Horatii
1251 532 1369 572 Flacci
1389 546 1492 584 opera

387 585 504 624 omnia
536 585 844 644 mterpretationum
865 585 969 637 finis.
998 586 1136 626 Divino
1162 586 1295 628 auxifio
1312 585 1417 639 soelix
1440 586 1492 624 ὧι

384 639 509 678 XVII
538 638 636 691 Majz
660 640 718 678 Μ
753 640 879 679 CCCC.
907 639 1151 687 LXXXIII;
1177 649 1261 679 tum
1289 640 1365 679 vita
1383 652 1491 692 poetae

385 705 408 731 a
436 655 620 733 Landino
646 692 783 743 scripta
809 693 1048 742 praemittitur
1076 670 1164 745 ipfi’s
1196 693 1490 734 commentariis.

382 745 614 797 Exemplum
634 746 750 795 hujus
766 747 856 786 edit.
875 747 959 786 est
951 760 988 785 m
1010 746 1318 797 Bibl.Gymnas1i
1339 747 1493 799 Bipont.

382 802 494 850 cujus
519 802 664 851 primus
692 799 869 850 poffeffor
898 800 1092 853 duplicem
1121 800 1176 840 sui
1205 801 1386 842 notitiam
1415 802 1492 852 pri-

381 866 450 894 mo
485 854 584 895 folio
612 853 816 905 inscripsit:
843 856 953 896 Anno
979 868 1011 896 a
1028 868 1111 896 nato
1139 855 1267 911 Christo
1293 870 1411 909 1479,
1441 855 1494 895 ὧι

377 910 494 963 prima
512 911 629 962 mensis
655 910 853 949 Decembris
872 924 914 964 gr
898 911 1016 950 radam
1040 909 1357 950 baccalaureatus'
1344 925 1382 949 ιη
1406 910 1493 950 arti-

382 965 448 1003 bus
481 964 518 1003 in
547 965 761 1016 univetfitare
801 963 989 1016 Coloniensi
1022 964 1061 1002 in
1091 963 1195 1018 bursa
1223 965 1332 1005 licent.
1367 977 1495 1017 regente

384 1019 515 1058 doffore
550 1019 712 1070 lamperto
743 1017 940 1070 consecutus
973 1017 1066 1070 sum.
1107 1017 1232 1059 Dein:
1270 1021 1381 1059 Anno
1413 1019 1494 1058 Dni

382 1071 746 1112 MCCCCLXXXV
762 1072 806 1111 ln
831 1073 958 1125 vigilia
983 1072 1135 1113 undecim
1159 1073 1302 1112 milEum
1323 1072 1493 1125 virginum

382 1128 528 1180 gradum
555 1126 731 1180 magisterii
758 1127 796 1166 in
829 1127 962 1166 artibus
992 1121 1186 1166 liberalibus
1215 1129 1252 1167 in
1278 1127 1494 1178 universitate

386 1180 654 1233 heydelbergenfi
672 1179 869 1232 consecutus
880 1180 961 1233 sum
975 1180 1044 1231 sub
1060 1182 1153 1235 magi
1237 1182 1383 1221 hioanne
1406 1181 1495 1220 heim

383 1249 428 1272 ex
454 1234 611 1274 winheim
628 1234 808 1287 sacrarum
835 1235 1006 1275 literarum
1027 1236 1111 1274 baec
1171 1250 1250 1275 ureo
1270 1235 1308 1275 ὁ
1327 1249 1391 1288 pro
1415 1246 1495 1274 tunc

382 1287 529 1339 ejusdem
553 1289 782 1340 universitatis
799 1288 985 1340 facultatis
1009 1290 1140 1329 arcium
1169 1291 1309 1331 decano.
1338 1288 1494 1330 Nomen

382 1341 563 1392 poffeffor
575 1341 655 1393 ipse
667 1342 771 1381 haud
785 1342 995 1393 adscripfit,
1009 1343 1184 1392 quamvis
1198 1342 1278 1393 ipse
1291 1342 1412 1382 multa
1425 1341 1494 1381 ad·

381 1394 517 1435 leverit
534 1397 580 1436 ad
599 1404 746 1436 textum
761 1395 1056 1447 explicandum,
1072 1395 1319 1448 iudicemque
1332 1396 1492 1435 auxerit.

221 1449 547 1492 „s-—a—Landini
572 1450 649 1497 111,
674 1451 818 1490 Veneta
837 1450 907 1491 111.
940 1450 1138 1491 Horatius.
1158 1466 1235 1491 eum
1256 1450 1494 1492 commentario

220 1656 332 1720 &484

229 1774 330 1829 1485

227 2044 330 2095 1486

386 1506 466 1545 Chr.
489 1505 663 1545 Landim':
683 1521 745 1559 per
849 1507 962 1559 istrum
982 1504 1211 1558 Raynaldum
1227 1505 1495 1557 deNovimagio

384 1559 495 1600 Alma
474 1573 592 1599 a.num
604 1507 1174 1610 Venet.14833‚fol.Repeuitio
1195 1558 1248 1599 est
1262 1557 1492 1600 Florentinae

383 1611 511 1654 altera.
532 1613 577 1653 V.
597 1612 762 1654 Maettar.
780 1613 828 1655 Τ.
848 1611 887 1660 1,
908 1626 946 1664 p.
964 1627 1055 1664 445.

384 1666 530 1707 Veneta
545 1667 608 1708 lv,
631 1667 681 1717 Q.
695 1668 742 1708 H.
760 1667 801 1708 F.
816 1666 964 1720 Opera,
979 1679 1070 1706 cum
1086 1666 1187 1707 notis
1206 1666 1416 1709 variorum
1429 1677 1492 1718 ap.

386 1722 445 1762 Io.
463 1722 673 1776 Gryphium.
689 1721 822 1762 Venet.
849 1721 961 1771 1484.
981 1720 1186 1772 Douglafio
1203 1729 1447 1762 memoratur.
1528 1723 1530 1725 '

387 1775 686 1816 Mediolanenfis
703 1776 766 1815 VI.
786 1777 931 1815 Horatii
946 1789 1070 1829 opera·
1058 1807 1067 1816 .
1091 1791 1167 1816 cum
1183 1787 1356 1817 comment.
1375 1775 1491 1815 Aero-

384 1830 440 1870 nis
467 1831 503 1870 δ’
532 1831 794 1883 Porphyrionis.
838 1829 883 1870 In
919 1829 1022 1870 fine:
1064 1830 1258 1884 Impreffitm
1296 1829 1494 1870 MeAEolani

386 1885 755 1925 MCCCCLXXXV
774 1900 836 1939 per
853 1885 1049 1925 Antonium
1071 1886 1244 1925 Zarotum
1266 1882 1500 1935 Parmensemss

385 1939 538 2001 impensis
557 1939 742 1991 Augustini
756 1940 887 1978 Mariae
904 1938 1049 1993 Conagi.
1069 1938 1139 1978 fol.
1163 1938 1213 1978 de
1232 1950 1308 1989 qua
1326 1950 1360 1978 v.
1376 1936 1491 1977 Maet-

384 1993 523 2032 tarium
548 1994 584 2033 &
600 1992 760 2034 Saxium
781 1991 807 2032 l.
825 2005 860 2034 c.

385 2045 549 2087 Mediol.
572 2045 655 2087 VII.
687 2047 752 2086 fol.
780 2047 978 2087 Horatius.-
1005 2061 1081 2087 eum
1108 2057 1318 2086 commentar.
1339 2045 1492 2085 Acronis

386 2101 607 2164 &Porphyn
627 2101 671 2141 In
690 2101 788 2141 fine:
811 2102 856 2141 In
875 2102 1010 2157 officina
1027 2101 1150 2153 egregii
1164 2100 1293 2140 librarii
1313 2101 1403 2139 Ant.
1417 2102 1495 2140 Za-

386 2155 452 2196 roti
479 2156 696 2207 Parmensis:
729 2155 896 2208 impendo
923 2155 1118 2196 Alexandri
1142 2154 1336 2195 mauriani
1356 2155 1442 2208 App
1441 2153 1495 2194 uli

386 2212 427 2249 de
451 2212 580 2249 Sanffo
604 2210 751 2255 Severo,
771 2210 842 2248 haec
866 2223 969 2261 opera
991 2209 1222 2249 Mediolani
1207 2223 1253 2248 im
1250 2208 1363 2263 preffiz
1384 2210 1493 2260 funt:

387 2278 482 2303 armo
509 2264 907 2309 MCCCCLXXXVI‚
928 2264 1047 2317 quinto
1073 2263 1156 2302 Idus
1181 2224 1350 2302 Maecius.
1382 2261 1492 2302 Alex.

382 2318 609 2357 Minatianus
630 2317 671 2355 in
697 2316 799 2366 praef.
820 2317 869 2356 ad
888 2316 1055 2358 Barthol.
1083 2316 1265 2364 malcum,
1287 2315 1494 2357 Ducalium

387 2371 633 2411 Secretorum
668 2370 887 2422 Magistrum
918 2372 956 2410 in
981 2383 1067 2410 arce
1091 2368 1190 2410 Diali
1212 2369 1348 2421 scripta
1372 2370 1494 2421 pridie

387 2424 479 2464 Idus
499 2424 658 2465 Martias
679 2438 780 2464 anno
810 2425 934 2474 1486,
957 2425 1032 2471 ait,
1052 2424 1088 2464 se
1114 2423 1230 2464 libros
1250 2423 1376 2466 Flacci
1402 2436 1495 2464 cum

387 2480 537 2520 Acrone
564 2480 601 2519 δι
630 2478 889 2531 Porphyrione
918 2478 1203 2519 accuratiffimis
1227 2477 1495 2528 interpretibus

386 2532 626 2585 castigandos
649 2531 843 2585 suscepisse
874 2556 920 2567 --
945 2533 1128 2587 praesirtim
1147 2548 1223 2576 eum
1245 2549 1383 2582 vererer,
1407 2534 1500 2585 nest
