1592 2898
356 225 835 276 :CARMINUM
884 226 1026 275 LIB.
1075 227 1186 274 111.

92 382 94 385 Ι
155 331 396 374 Crescentem
413 331 584 385 sequitur
610 344 704 373 cura
726 331 927 387 pecuniam
942 361 957 382 ‚

155 393 430 448 majorumque
456 393 589 435 fames.
617 395 710 435 Jure
733 394 937 448 perhorrui

206 456 301 497 late
326 454 576 510 conspicuum
598 456 735 498 tollere
758 456 943 498 verticem
955 464 972 504 ,'

258 515 478 566 Maecenas,
508 517 681 571 equitum
710 517 838 558 decus.

72 623 78 628 ¹
156 633 326 688 Quanto
354 634 515 689 quisque
539 634 609 675 fibi
632 635 740 688 plura
771 636 1004 688 negaverit,

156 697 222 738 Ab
250 696 323 738 Dis
348 698 456 752 plura
480 698 588 739 feret.
615 698 680 738 Nil
704 699 943 751 cupientium

208 759 345 800 Nudus
363 758 482 816 castra
501 771 618 813 peto,
644 760 686 800 δι
708 759 906 814 transfuga
930 760 1092 801 divitum

235 820 390 862 Partes
411 820 584 876 linquere
610 821 750 876 gestio:

156 939 378 980 Contemtae
401 939 579 981 dominus
602 939 832 994 splendidior
853 942 935 993 rei,

158 999 296 1054 Quam
314 1001 343 1041 fi
357 1032 373 1050 ,
391 1002 575 1055 quidquid
598 1015 678 1042 arat
699 1003 859 1056 impiger
885 1004 1063 1059 Appulus
1075 1032 1092 1052 ,

211 1061 420 1103 Occultare
441 1064 539 1103 meis
558 1063 701 1106 dicerer
726 1064 873 1104 horre‘ss
887 1094 901 1114 ,

265 1124 431 1178 Magnas
450 1124 550 1166 inter
568 1137 664 1179 opes
686 1125 810 1178 inops.

159 1238 272 1279 Purae
295 1239 402 1280 rivus
422 1253 559 1294 aquae,
587 1239 762 1294 silvaque
785 1240 970 1294 jugerum

160 1299 402 1352 Paucorum,
426 1302 467 1342 δι
491 1301 626 1355 segetis
643 1311 750 1342 cena
772 1301 866 1343 fides
892 1315 1017 1353 meae,

215 1360 440 1416 Fulgentem
460 1363 624 1417 imperio
640 1362 775 1404 fertilis
795 1362 939 1404 Africae

268 1422 379 1464 Fallit
402 1423 505 1466 sorte
530 1424 699 1465 heatior.

162 1537 417 1592 Quamquam
435 1551 508 1580 nec
531 1538 709 1580 Calabrae
738 1537 853 1581 niella
875 1539 1004 1582 ferunt
1027 1555 1142 1598 apes,

162 1598 248 1640 Nec
270 1598 538 1653 laeflrygonia
554 1600 730 1641 Bacchus
750 1602 792 1641 in
812 1602 1003 1656 amphora

216 1660 443 1714 Languescit
471 1661 587 1710 mihi,
612 1674 684 1702 nec
708 1662 867 1715 pinguia
890 1663 1049 1707 Gallicis

269 1720 456 1762 Crescunt
476 1722 620 1763 vellera
641 1722 814 1777 pascuis:

164 1836 391 1891 Importuna
412 1848 541 1878 tamen
563 1839 767 1891 pauperies
791 1823 920 1892 abe-ih

166 1899 278 1948 Nnc,
300 1899 328 1940 fi
347 1901 457 1954 plura
476 1901 615 1948 velim,
638 1913 682 1941 tu
700 1902 788 1941 dare
807 1902 982 1954 deneges.

219 1961 432 2003 ContraElo
445 1963 595 2010 ‘melius
618 1976 745 2017 parva
756 1964 943 2022 ‚cupidine

271 2017 487 2080 vefflgalia
510 2026 705 2080 porrigam
719 2056 734 2076 ,

170 2140 307 2194 Quam
322 2141 351 2181 fi
374 2141 601 2194 Mygdoniis
619 2155 778 2196 regnum
807 2142 986 2195 Alyattei

171 2203 327 2256 Campis
349 2205 581 2244 continuem.
603 2204 727 2246 Multa
753 2206 972 2260 petentibus

224 2264 373 2305 Desunt
394 2266 523 2307 multa.
549 2267 654 2306 Bene
675 2267 754 2314 est,
783 2268 844 2307 cui
868 2267 980 2309 Deus
1000 2267 1142 2309 obtulit

277 2325 421 2377 Parca,
443 2327 550 2381 quod
575 2326 661 2368 satis
684 2322 758 2377 est,
785 2341 915 2370 manu.

1363 529 1418 559 20

1365 954 1416 997 25

1369 1317 1422 1358 30

1371 1678 1419 1722 35

1368 2041 1424 2080 4ο
