<?xml version="1.0" encoding="UTF-8"?>
<!DOCTYPE html PUBLIC "-//W3C//DTD XHTML 1.0 Transitional//EN"
    "http://www.w3.org/TR/xhtml1/DTD/xhtml1-transitional.dtd">
<html xmlns="http://www.w3.org/1999/xhtml" xml:lang="en" lang="en">
 <head>
  <title>
</title>
<meta http-equiv="Content-Type" content="text/html;charset=utf-8" />
  <meta name='ocr-system' content='tesseract 3.04.00' />
  <meta name='ocr-capabilities' content='ocr_page ocr_carea ocr_par ocr_line ocrx_word'/>
</head>
<body>
  <div class='ocr_page' id='page_1' title='image "./operaadoptimased00horauoft_0382.png"; bbox 0 0 1592 2898; ppageno 0'>
   <div class='ocr_carea' id='block_1_1' title="bbox 192 299 1250 370">
    <p class='ocr_par' dir='ltr' id='par_1_1' title="bbox 192 299 1250 370">
     <span class='ocr_line' id='line_1_1' title="bbox 192 299 1250 370; baseline 0.006 -20"><span class='ocrx_word' id='word_1_1' title='bbox 192 299 283 364; x_wconf 85' lang='lat'>278</span> <span class='ocrx_word' id='word_1_2' title='bbox 398 301 460 370; x_wconf 73' lang='lat' dir='ltr'>Q·</span> <span class='ocrx_word' id='word_1_3' title='bbox 515 301 884 350; x_wconf 84' lang='lat' dir='ltr'><strong>HORATII</strong></span> <span class='ocrx_word' id='word_1_4' title='bbox 945 306 1250 356; x_wconf 74' lang='lat' dir='ltr'>FLAcm</span> 
     </span>
    </p>
   </div>
   <div class='ocr_carea' id='block_1_2' title="bbox 186 405 1269 2512">
    <p class='ocr_par' dir='ltr' id='par_1_2' title="bbox 191 405 1181 523">
     <span class='ocr_line' id='line_1_2' title="bbox 192 405 1181 460; baseline 0.01 -14"><span class='ocrx_word' id='word_1_5' title='bbox 192 405 357 446; x_wconf 88' lang='lat' dir='ltr'>Cederet</span> <span class='ocrx_word' id='word_1_6' title='bbox 383 417 451 446; x_wconf 84' lang='lat' dir='ltr'>aut</span> <span class='ocrx_word' id='word_1_7' title='bbox 476 419 612 460; x_wconf 85' lang='lat' dir='ltr'>quarta</span> <span class='ocrx_word' id='word_1_8' title='bbox 632 407 844 450; x_wconf 82' lang='lat' dir='ltr'>socialiter:</span> <span class='ocrx_word' id='word_1_9' title='bbox 865 410 925 453; x_wconf 89' lang='lat' dir='ltr'>hic</span> <span class='ocrx_word' id='word_1_10' title='bbox 947 412 986 452; x_wconf 76' lang='grc' dir='ltr'>δι</span> <span class='ocrx_word' id='word_1_11' title='bbox 1016 412 1055 453; x_wconf 90' lang='lat' dir='ltr'>in</span> <span class='ocrx_word' id='word_1_12' title='bbox 1080 413 1181 456; x_wconf 78' lang='lat' dir='ltr'>Acci</span> 
     </span>
     <span class='ocr_line' id='line_1_3' title="bbox 191 466 1151 523; baseline 0.013 -20"><span class='ocrx_word' id='word_1_13' title='bbox 191 466 402 517; x_wconf 77' lang='lat' dir='ltr'>Nobilibus</span> <span class='ocrx_word' id='word_1_14' title='bbox 423 469 601 510; x_wconf 83' lang='lat' dir='ltr'>trimetris</span> <span class='ocrx_word' id='word_1_15' title='bbox 622 482 780 523; x_wconf 83' lang='lat' dir='ltr'>apparet</span> <span class='ocrx_word' id='word_1_16' title='bbox 808 485 940 520; x_wconf 82' lang='lat' dir='ltr'>rarus,</span> <span class='ocrx_word' id='word_1_17' title='bbox 973 475 1012 515; x_wconf 76' lang='grc' dir='ltr'>δι</span> <span class='ocrx_word' id='word_1_18' title='bbox 1041 474 1151 516; x_wconf 78' lang='lat' dir='ltr'>Enni.</span> 
     </span>
    </p>

    <p class='ocr_par' dir='ltr' id='par_1_3' title="bbox 190 528 1239 712">
     <span class='ocr_line' id='line_1_4' title="bbox 191 528 1239 588; baseline 0.009 -18"><span class='ocrx_word' id='word_1_19' title='bbox 191 529 239 574; x_wconf 86' lang='lat'>111</span> <span class='ocrx_word' id='word_1_20' title='bbox 267 528 418 570; x_wconf 81' lang='lat' dir='ltr'>scenam</span> <span class='ocrx_word' id='word_1_21' title='bbox 439 531 569 572; x_wconf 82' lang='lat' dir='ltr'>miffos</span> <span class='ocrx_word' id='word_1_22' title='bbox 595 546 738 586; x_wconf 84' lang='lat' dir='ltr'>magno</span> <span class='ocrx_word' id='word_1_23' title='bbox 763 548 856 582; x_wconf 59' lang='lat' dir='ltr'>‚cum</span> <span class='ocrx_word' id='word_1_24' title='bbox 892 537 1060 588; x_wconf 89' lang='lat' dir='ltr'>pondere</span> <span class='ocrx_word' id='word_1_25' title='bbox 1084 534 1239 588; x_wconf 82' lang='lat' dir='ltr'>versus,</span> 
     </span>
     <span class='ocr_line' id='line_1_5' title="bbox 190 592 1225 652; baseline 0.01 -20"><span class='ocrx_word' id='word_1_26' title='bbox 190 592 276 633; x_wconf 87' lang='lat' dir='ltr'>Aut</span> <span class='ocrx_word' id='word_1_27' title='bbox 297 605 429 645; x_wconf 86' lang='lat' dir='ltr'>opetae</span> <span class='ocrx_word' id='word_1_28' title='bbox 457 595 591 639; x_wconf 81' lang='lat' dir='ltr'>celeris</span> <span class='ocrx_word' id='word_1_29' title='bbox 624 597 783 638; x_wconf 88' lang='lat' dir='ltr'>nimium</span> <span class='ocrx_word' id='word_1_30' title='bbox 799 628 813 645; x_wconf 95' lang='lat'>,</span> <span class='ocrx_word' id='word_1_31' title='bbox 840 612 1010 652; x_wconf 84' lang='lat' dir='ltr'>curaque</span> <span class='ocrx_word' id='word_1_32' title='bbox 1038 601 1225 651; x_wconf 86' lang='lat' dir='ltr'>carentis,</span> 
     </span>
     <span class='ocr_line' id='line_1_6' title="bbox 191 654 1084 712; baseline 0.009 -19"><span class='ocrx_word' id='word_1_33' title='bbox 191 654 274 694; x_wconf 82' lang='lat' dir='ltr'>Am</span> <span class='ocrx_word' id='word_1_34' title='bbox 301 655 495 708; x_wconf 78' lang='lat' dir='ltr'>-ignoratae</span> <span class='ocrx_word' id='word_1_35' title='bbox 515 657 651 710; x_wconf 82' lang='lat' dir='ltr'>premit</span> <span class='ocrx_word' id='word_1_36' title='bbox 673 660 764 699; x_wconf 87' lang='lat' dir='ltr'>artis</span> <span class='ocrx_word' id='word_1_37' title='bbox 788 660 945 701; x_wconf 88' lang='lat' dir='ltr'>crimine</span> <span class='ocrx_word' id='word_1_38' title='bbox 970 662 1084 712; x_wconf 86' lang='lat' dir='ltr'>turpi.</span> 
     </span>
    </p>

    <p class='ocr_par' dir='ltr' id='par_1_4' title="bbox 187 717 1256 1024">
     <span class='ocr_line' id='line_1_7' title="bbox 190 717 1214 778; baseline 0.007 -20"><span class='ocrx_word' id='word_1_39' title='bbox 190 717 287 758; x_wconf 91' lang='lat' dir='ltr'>Non</span> <span class='ocrx_word' id='word_1_40' title='bbox 309 720 439 772; x_wconf 88' lang='lat' dir='ltr'>quivis</span> <span class='ocrx_word' id='word_1_41' title='bbox 461 720 565 760; x_wconf 90' lang='lat' dir='ltr'>videt</span> <span class='ocrx_word' id='word_1_42' title='bbox 594 720 845 762; x_wconf 83' lang='lat' dir='ltr'>immodulata</span> <span class='ocrx_word' id='word_1_43' title='bbox 875 726 1053 774; x_wconf 78' lang='lat' dir='ltr'>poemata</span> <span class='ocrx_word' id='word_1_44' title='bbox 1074 723 1214 778; x_wconf 79' lang='lat' dir='ltr'>judex3</span> 
     </span>
     <span class='ocr_line' id='line_1_8' title="bbox 189 779 1106 839; baseline 0.005 -18"><span class='ocrx_word' id='word_1_45' title='bbox 189 779 239 821; x_wconf 83' lang='lat' dir='ltr'>Er</span> <span class='ocrx_word' id='word_1_46' title='bbox 262 781 347 821; x_wconf 88' lang='lat' dir='ltr'>data</span> <span class='ocrx_word' id='word_1_47' title='bbox 370 781 559 824; x_wconf 84' lang='lat' dir='ltr'>Romanis</span> <span class='ocrx_word' id='word_1_48' title='bbox 580 785 694 824; x_wconf 86' lang='lat' dir='ltr'>venia</span> <span class='ocrx_word' id='word_1_49' title='bbox 715 785 768 824; x_wconf 81' lang='lat' dir='ltr'>est</span> <span class='ocrx_word' id='word_1_50' title='bbox 793 786 946 838; x_wconf 86' lang='lat' dir='ltr'>indigna</span> <span class='ocrx_word' id='word_1_51' title='bbox 971 787 1106 839; x_wconf 75' lang='lat' dir='ltr'>poetis,</span> 
     </span>
     <span class='ocr_line' id='line_1_9' title="bbox 187 842 1256 899; baseline 0.008 -18"><span class='ocrx_word' id='word_1_52' title='bbox 187 842 391 891; x_wconf 72' lang='lat' dir='ltr'>Idcircone</span> <span class='ocrx_word' id='word_1_53' title='bbox 407 858 553 899; x_wconf 83' lang='lat' dir='ltr'>vager,</span> <span class='ocrx_word' id='word_1_54' title='bbox 571 845 810 899; x_wconf 87' lang='lat' dir='ltr'>scribamque</span> <span class='ocrx_word' id='word_1_55' title='bbox 835 846 1025 888; x_wconf 81' lang='lat' dir='ltr'>licenter?</span> <span class='ocrx_word' id='word_1_56' title='bbox 1045 849 1100 890; x_wconf 87' lang='lat' dir='ltr'>Ut</span> <span class='ocrx_word' id='word_1_57' title='bbox 1120 861 1256 890; x_wconf 86' lang='lat' dir='ltr'>omnes</span> 
     </span>
     <span class='ocr_line' id='line_1_10' title="bbox 190 904 1147 961; baseline 0.006 -17"><span class='ocrx_word' id='word_1_58' title='bbox 190 904 356 946; x_wconf 73' lang='lat' dir='ltr'>Visun-os</span> <span class='ocrx_word' id='word_1_59' title='bbox 380 919 534 959; x_wconf 86' lang='lat' dir='ltr'>peccata</span> <span class='ocrx_word' id='word_1_60' title='bbox 551 918 683 961; x_wconf 83' lang='lat' dir='ltr'>putem</span> <span class='ocrx_word' id='word_1_61' title='bbox 701 922 809 957; x_wconf 89' lang='lat' dir='ltr'>mea,</span> <span class='ocrx_word' id='word_1_62' title='bbox 829 920 963 956; x_wconf 87' lang='lat' dir='ltr'>tutus,</span> <span class='ocrx_word' id='word_1_63' title='bbox 986 910 1025 950; x_wconf 77' lang='grc' dir='ltr'>δι</span> <span class='ocrx_word' id='word_1_64' title='bbox 1048 910 1147 950; x_wconf 87' lang='lat' dir='ltr'>intra</span> 
     </span>
     <span class='ocr_line' id='line_1_11' title="bbox 190 967 1185 1024; baseline 0.005 -16"><span class='ocrx_word' id='word_1_65' title='bbox 190 967 304 1020; x_wconf 86' lang='lat' dir='ltr'>Spem</span> <span class='ocrx_word' id='word_1_66' title='bbox 336 971 461 1009; x_wconf 86' lang='lat' dir='ltr'>veniae</span> <span class='ocrx_word' id='word_1_67' title='bbox 483 983 644 1019; x_wconf 77' lang='lat' dir='ltr'>cautu53</span> <span class='ocrx_word' id='word_1_68' title='bbox 670 972 795 1012; x_wconf 81' lang='lat' dir='ltr'>vitavi</span> <span class='ocrx_word' id='word_1_69' title='bbox 820 972 983 1024; x_wconf 89' lang='lat' dir='ltr'>denique</span> <span class='ocrx_word' id='word_1_70' title='bbox 1003 971 1185 1024; x_wconf 87' lang='lat' dir='ltr'>culpam,</span> 
     </span>
    </p>

    <p class='ocr_par' dir='ltr' id='par_1_5' title="bbox 188 1029 1131 1142">
     <span class='ocr_line' id='line_1_12' title="bbox 189 1029 1131 1084; baseline 0.007 -15"><span class='ocrx_word' id='word_1_71' title='bbox 189 1029 229 1069; x_wconf 93' lang='lat' dir='ltr'>N</span> <span class='ocrx_word' id='word_1_72' title='bbox 233 1043 283 1068; x_wconf 78' lang='lat' dir='ltr'>on</span> <span class='ocrx_word' id='word_1_73' title='bbox 302 1030 455 1077; x_wconf 85' lang='lat' dir='ltr'>laudem</span> <span class='ocrx_word' id='word_1_74' title='bbox 474 1034 612 1072; x_wconf 85' lang='lat' dir='ltr'>merui.</span> <span class='ocrx_word' id='word_1_75' title='bbox 629 1033 717 1074; x_wconf 85' lang='lat' dir='ltr'>Vos</span> <span class='ocrx_word' id='word_1_76' title='bbox 735 1033 970 1084; x_wconf 83' lang='lat' dir='ltr'>exemplaria</span> <span class='ocrx_word' id='word_1_77' title='bbox 990 1033 1131 1076; x_wconf 79' lang='lat' dir='ltr'>Graeca</span> 
     </span>
     <span class='ocr_line' id='line_1_13' title="bbox 188 1089 1072 1142; baseline 0.005 -12"><span class='ocrx_word' id='word_1_78' title='bbox 188 1089 392 1136; x_wconf 66' lang='lat' dir='ltr'>Nociurna</span> <span class='ocrx_word' id='word_1_79' title='bbox 415 1093 562 1134; x_wconf 86' lang='lat' dir='ltr'>versate</span> <span class='ocrx_word' id='word_1_80' title='bbox 585 1107 724 1142; x_wconf 83' lang='lat' dir='ltr'>manu,</span> <span class='ocrx_word' id='word_1_81' title='bbox 749 1093 896 1134; x_wconf 81' lang='lat' dir='ltr'>versate</span> <span class='ocrx_word' id='word_1_82' title='bbox 923 1095 1072 1135; x_wconf 87' lang='lat' dir='ltr'>diurna.</span> 
     </span>
    </p>

    <p class='ocr_par' dir='ltr' id='par_1_6' title="bbox 186 1152 1256 2078">
     <span class='ocr_line' id='line_1_14' title="bbox 189 1152 1113 1208; baseline 0.006 -16"><span class='ocrx_word' id='word_1_83' title='bbox 189 1154 244 1197; x_wconf 84' lang='lat' dir='ltr'>At</span> <span class='ocrx_word' id='word_1_84' title='bbox 265 1152 382 1193; x_wconf 84' lang='lat' dir='ltr'>nostri</span> <span class='ocrx_word' id='word_1_85' title='bbox 405 1156 543 1208; x_wconf 79' lang='lat' dir='ltr'>proavi</span> <span class='ocrx_word' id='word_1_86' title='bbox 560 1155 756 1197; x_wconf 84' lang='lat' dir='ltr'>Plautinos</span> <span class='ocrx_word' id='word_1_87' title='bbox 777 1158 815 1197; x_wconf 78' lang='grc' dir='ltr'>δι</span> <span class='ocrx_word' id='word_1_88' title='bbox 839 1169 1044 1203; x_wconf 88' lang='lat' dir='ltr'>numeros,</span> <span class='ocrx_word' id='word_1_89' title='bbox 1070 1156 1113 1198; x_wconf 77' lang='grc' dir='ltr'>δι</span> 
     </span>
     <span class='ocr_line' id='line_1_15' title="bbox 191 1216 1214 1277; baseline 0.007 -21"><span class='ocrx_word' id='word_1_90' title='bbox 191 1216 417 1258; x_wconf 84' lang='lat' dir='ltr'>Laudavere</span> <span class='ocrx_word' id='word_1_91' title='bbox 441 1219 532 1260; x_wconf 87' lang='lat' dir='ltr'>sales</span> <span class='ocrx_word' id='word_1_92' title='bbox 546 1235 559 1270; x_wconf 85' lang='lat'>3</span> <span class='ocrx_word' id='word_1_93' title='bbox 581 1222 741 1262; x_wconf 89' lang='lat' dir='ltr'>nimium</span> <span class='ocrx_word' id='word_1_94' title='bbox 767 1224 954 1275; x_wconf 77' lang='lat' dir='ltr'>patienter</span> <span class='ocrx_word' id='word_1_95' title='bbox 979 1233 1214 1277; x_wconf 83' lang='lat' dir='ltr'>utrumque,</span> 
     </span>
     <span class='ocr_line' id='line_1_16' title="bbox 190 1277 1205 1337; baseline 0.009 -20"><span class='ocrx_word' id='word_1_96' title='bbox 190 1277 252 1317; x_wconf 92' lang='lat' dir='ltr'>Ne</span> <span class='ocrx_word' id='word_1_97' title='bbox 276 1279 395 1319; x_wconf 86' lang='lat' dir='ltr'>dicam</span> <span class='ocrx_word' id='word_1_98' title='bbox 419 1280 556 1328; x_wconf 82' lang='lat' dir='ltr'>stulte,</span> <span class='ocrx_word' id='word_1_99' title='bbox 581 1283 733 1332; x_wconf 79' lang='lat' dir='ltr'>mirati3</span> <span class='ocrx_word' id='word_1_100' title='bbox 761 1282 788 1323; x_wconf 81' lang='lat' dir='ltr'>fi</span> <span class='ocrx_word' id='word_1_101' title='bbox 817 1284 937 1324; x_wconf 91' lang='lat' dir='ltr'>modo</span> <span class='ocrx_word' id='word_1_102' title='bbox 961 1297 1037 1337; x_wconf 87' lang='lat' dir='ltr'>ego</span> <span class='ocrx_word' id='word_1_103' title='bbox 1061 1284 1103 1325; x_wconf 78' lang='grc' dir='ltr'>δι</span> <span class='ocrx_word' id='word_1_104' title='bbox 1129 1297 1205 1326; x_wconf 89' lang='lat' dir='ltr'>vos</span> 
     </span>
     <span class='ocr_line' id='line_1_17' title="bbox 191 1339 1109 1399; baseline 0.008 -20"><span class='ocrx_word' id='word_1_105' title='bbox 191 1339 340 1381; x_wconf 87' lang='lat' dir='ltr'>Scimus</span> <span class='ocrx_word' id='word_1_106' title='bbox 363 1342 596 1390; x_wconf 73' lang='lat' dir='ltr'>inurbanum</span> <span class='ocrx_word' id='word_1_107' title='bbox 622 1344 749 1397; x_wconf 92' lang='lat' dir='ltr'>lepido</span> <span class='ocrx_word' id='word_1_108' title='bbox 770 1343 955 1399; x_wconf 87' lang='lat' dir='ltr'>seponere</span> <span class='ocrx_word' id='word_1_109' title='bbox 981 1346 1109 1396; x_wconf 60' lang='lat' dir='ltr'>diuo,</span> 
     </span>
     <span class='ocr_line' id='line_1_18' title="bbox 189 1403 1191 1461; baseline 0.009 -19"><span class='ocrx_word' id='word_1_110' title='bbox 189 1403 498 1459; x_wconf 84' lang='lat' dir='ltr'>Legitimumque</span> <span class='ocrx_word' id='word_1_111' title='bbox 519 1407 656 1447; x_wconf 88' lang='lat' dir='ltr'>sonum</span> <span class='ocrx_word' id='word_1_112' title='bbox 675 1408 800 1461; x_wconf 78' lang='lat' dir='ltr'>digitis</span> <span class='ocrx_word' id='word_1_113' title='bbox 823 1409 1008 1449; x_wconf 85' lang='lat' dir='ltr'>callemus</span> <span class='ocrx_word' id='word_1_114' title='bbox 1027 1410 1068 1450; x_wconf 75' lang='grc' dir='ltr'>δι</span> <span class='ocrx_word' id='word_1_115' title='bbox 1086 1422 1191 1451; x_wconf 79' lang='lat' dir='ltr'>aure.</span> 
     </span>
     <span class='ocr_line' id='line_1_19' title="bbox 186 1466 1117 1524; baseline 0.005 -18"><span class='ocrx_word' id='word_1_116' title='bbox 186 1466 372 1523; x_wconf 80' lang='lat' dir='ltr'>Ignotum</span> <span class='ocrx_word' id='word_1_117' title='bbox 399 1471 554 1522; x_wconf 76' lang='lat' dir='ltr'>tragicae</span> <span class='ocrx_word' id='word_1_118' title='bbox 578 1484 698 1524; x_wconf 83' lang='lat' dir='ltr'>genus</span> <span class='ocrx_word' id='word_1_119' title='bbox 722 1470 906 1511; x_wconf 86' lang='lat' dir='ltr'>inveniffe</span> <span class='ocrx_word' id='word_1_120' title='bbox 932 1471 1117 1512; x_wconf 62' lang='lat' dir='ltr'>Camenae</span> 
     </span>
     <span class='ocr_line' id='line_1_20' title="bbox 188 1525 1213 1587; baseline 0.005 -19"><span class='ocrx_word' id='word_1_121' title='bbox 188 1525 370 1570; x_wconf 60' lang='lat' dir='ltr'>Dicitur,</span> <span class='ocrx_word' id='word_1_122' title='bbox 395 1531 433 1570; x_wconf 85' lang='lat'>&amp;</span> <span class='ocrx_word' id='word_1_123' title='bbox 457 1533 627 1583; x_wconf 77' lang='lat' dir='ltr'>plaustris</span> <span class='ocrx_word' id='word_1_124' title='bbox 652 1532 795 1574; x_wconf 66' lang='lat' dir='ltr'>vexisse</span> <span class='ocrx_word' id='word_1_125' title='bbox 824 1545 1003 1586; x_wconf 82' lang='lat' dir='ltr'>poemata</span> <span class='ocrx_word' id='word_1_126' title='bbox 1025 1532 1213 1587; x_wconf 87' lang='lat' dir='ltr'>Thespis,</span> 
     </span>
     <span class='ocr_line' id='line_1_21' title="bbox 191 1592 1236 1646; baseline 0.003 -15"><span class='ocrx_word' id='word_1_127' title='bbox 191 1592 300 1643; x_wconf 83' lang='lat' dir='ltr'>Quae</span> <span class='ocrx_word' id='word_1_128' title='bbox 325 1605 503 1635; x_wconf 80' lang='lat' dir='ltr'>canerent</span> <span class='ocrx_word' id='word_1_129' title='bbox 524 1606 758 1646; x_wconf 79' lang='lat' dir='ltr'>agerentque</span> <span class='ocrx_word' id='word_1_130' title='bbox 780 1594 953 1646; x_wconf 59' lang='lat' dir='ltr'>peruncti</span> <span class='ocrx_word' id='word_1_131' title='bbox 974 1593 1132 1645; x_wconf 75' lang='lat' dir='ltr'>faecibus</span> <span class='ocrx_word' id='word_1_132' title='bbox 1154 1607 1236 1634; x_wconf 86' lang='lat' dir='ltr'>ora.</span> 
     </span>
     <span class='ocr_line' id='line_1_22' title="bbox 191 1652 1220 1707; baseline 0.002 -15"><span class='ocrx_word' id='word_1_133' title='bbox 191 1652 280 1693; x_wconf 81' lang='lat' dir='ltr'>Post</span> <span class='ocrx_word' id='word_1_134' title='bbox 301 1653 406 1699; x_wconf 82' lang='lat' dir='ltr'>hunc</span> <span class='ocrx_word' id='word_1_135' title='bbox 429 1653 626 1707; x_wconf 77' lang='lat' dir='ltr'>personae,</span> <span class='ocrx_word' id='word_1_136' title='bbox 646 1655 835 1707; x_wconf 85' lang='lat' dir='ltr'>pallaeque</span> <span class='ocrx_word' id='word_1_137' title='bbox 853 1666 1027 1707; x_wconf 83' lang='lat' dir='ltr'>repertor</span> <span class='ocrx_word' id='word_1_138' title='bbox 1050 1654 1220 1698; x_wconf 82' lang='lat' dir='ltr'>honestae</span> 
     </span>
     <span class='ocr_line' id='line_1_23' title="bbox 191 1714 1256 1769; baseline -0.001 -12"><span class='ocrx_word' id='word_1_139' title='bbox 191 1715 422 1768; x_wconf 70' lang='lat' dir='ltr'>AEi&#39;chylus,</span> <span class='ocrx_word' id='word_1_140' title='bbox 447 1716 484 1755; x_wconf 86' lang='lat'>&amp;</span> <span class='ocrx_word' id='word_1_141' title='bbox 510 1716 671 1758; x_wconf 85' lang='lat' dir='ltr'>modicis</span> <span class='ocrx_word' id='word_1_142' title='bbox 691 1716 863 1755; x_wconf 87' lang='lat' dir='ltr'>instravit</span> <span class='ocrx_word' id='word_1_143' title='bbox 882 1716 1032 1769; x_wconf 86' lang='lat' dir='ltr'>pulpita</span> <span class='ocrx_word' id='word_1_144' title='bbox 1051 1716 1188 1768; x_wconf 82' lang='lat' dir='ltr'>tignis,</span> <span class='ocrx_word' id='word_1_145' title='bbox 1254 1714 1256 1718; x_wconf 69' lang='grc'>’</span> 
     </span>
     <span class='ocr_line' id='line_1_24' title="bbox 189 1770 1237 1830; baseline 0.001 -14"><span class='ocrx_word' id='word_1_146' title='bbox 189 1777 239 1823; x_wconf 72' lang='lat' dir='ltr'>Et</span> <span class='ocrx_word' id='word_1_147' title='bbox 262 1778 398 1817; x_wconf 89' lang='lat' dir='ltr'>docuit</span> <span class='ocrx_word' id='word_1_148' title='bbox 423 1770 684 1829; x_wconf 78' lang='lat' dir='ltr'>magnumque</span> <span class='ocrx_word' id='word_1_149' title='bbox 704 1777 839 1828; x_wconf 80' lang='lat' dir='ltr'>loqui,</span> <span class='ocrx_word' id='word_1_150' title='bbox 862 1778 1010 1830; x_wconf 86' lang='lat' dir='ltr'>nitique</span> <span class='ocrx_word' id='word_1_151' title='bbox 1030 1778 1237 1819; x_wconf 84' lang='lat' dir='ltr'>cothurno.</span> 
     </span>
     <span class='ocr_line' id='line_1_25' title="bbox 189 1838 1194 1889; baseline -0.003 -8"><span class='ocrx_word' id='word_1_152' title='bbox 189 1839 370 1884; x_wconf 84' lang='lat' dir='ltr'>Succeffit</span> <span class='ocrx_word' id='word_1_153' title='bbox 391 1851 505 1880; x_wconf 88' lang='lat' dir='ltr'>vetus</span> <span class='ocrx_word' id='word_1_154' title='bbox 525 1840 582 1879; x_wconf 90' lang='lat' dir='ltr'>his</span> <span class='ocrx_word' id='word_1_155' title='bbox 607 1839 814 1882; x_wconf 80' lang='lat' dir='ltr'>Comoedia</span> <span class='ocrx_word' id='word_1_156' title='bbox 830 1870 843 1889; x_wconf 92' lang='lat'><strong>,</strong></span> <span class='ocrx_word' id='word_1_157' title='bbox 869 1852 947 1878; x_wconf 88' lang='lat' dir='ltr'>non</span> <span class='ocrx_word' id='word_1_158' title='bbox 969 1838 1048 1879; x_wconf 74' lang='lat' dir='ltr'>sine</span> <span class='ocrx_word' id='word_1_159' title='bbox 1069 1838 1194 1879; x_wconf 86' lang='lat' dir='ltr'>multa</span> 
     </span>
     <span class='ocr_line' id='line_1_26' title="bbox 190 1899 1205 1950; baseline -0.003 -8"><span class='ocrx_word' id='word_1_160' title='bbox 190 1903 346 1950; x_wconf 81' lang='lat' dir='ltr'>Laude3</span> <span class='ocrx_word' id='word_1_161' title='bbox 370 1901 429 1942; x_wconf 93' lang='lat' dir='ltr'>sed</span> <span class='ocrx_word' id='word_1_162' title='bbox 457 1902 493 1940; x_wconf 87' lang='lat' dir='ltr'>in</span> <span class='ocrx_word' id='word_1_163' title='bbox 520 1902 657 1941; x_wconf 87' lang='lat' dir='ltr'>vitium</span> <span class='ocrx_word' id='word_1_164' title='bbox 682 1900 837 1941; x_wconf 82' lang='lat' dir='ltr'>libertas</span> <span class='ocrx_word' id='word_1_165' title='bbox 859 1901 1024 1947; x_wconf 84' lang='lat' dir='ltr'>excidit,</span> <span class='ocrx_word' id='word_1_166' title='bbox 1053 1899 1095 1940; x_wconf 81' lang='grc' dir='ltr'>δι</span> <span class='ocrx_word' id='word_1_167' title='bbox 1121 1900 1205 1940; x_wconf 87' lang='lat' dir='ltr'>vim</span> 
     </span>
     <span class='ocr_line' id='line_1_27' title="bbox 189 1961 1209 2018; baseline 0.004 -18"><span class='ocrx_word' id='word_1_168' title='bbox 189 1964 360 2018; x_wconf 74' lang='lat' dir='ltr'>Dignam</span> <span class='ocrx_word' id='word_1_169' title='bbox 382 1964 467 2016; x_wconf 82' lang='lat' dir='ltr'>lege</span> <span class='ocrx_word' id='word_1_170' title='bbox 489 1963 589 2017; x_wconf 82' lang='lat' dir='ltr'>regi:</span> <span class='ocrx_word' id='word_1_171' title='bbox 615 1963 677 2004; x_wconf 84' lang='lat' dir='ltr'>lex</span> <span class='ocrx_word' id='word_1_172' title='bbox 698 1962 752 2002; x_wconf 87' lang='lat' dir='ltr'>est</span> <span class='ocrx_word' id='word_1_173' title='bbox 776 1975 930 2016; x_wconf 85' lang='lat' dir='ltr'>accepta</span> <span class='ocrx_word' id='word_1_174' title='bbox 943 1993 957 2009; x_wconf 91' lang='lat'><strong>,</strong></span> <span class='ocrx_word' id='word_1_175' title='bbox 976 1961 1209 2017; x_wconf 76' lang='lat' dir='ltr'>Chorusque</span> 
     </span>
     <span class='ocr_line' id='line_1_28' title="bbox 189 2019 1058 2078; baseline -0.001 -10"><span class='ocrx_word' id='word_1_176' title='bbox 189 2019 376 2078; x_wconf 84' lang='lat' dir='ltr'>Turpiter</span> <span class='ocrx_word' id='word_1_177' title='bbox 393 2025 557 2066; x_wconf 87' lang='lat' dir='ltr'>obticuit</span> <span class='ocrx_word' id='word_1_178' title='bbox 569 2056 578 2072; x_wconf 37' lang='grc' dir='ltr'><strong><em>Ἴ</em></strong></span> <span class='ocrx_word' id='word_1_179' title='bbox 600 2024 752 2065; x_wconf 83' lang='lat' dir='ltr'>sublato</span> <span class='ocrx_word' id='word_1_180' title='bbox 775 2023 861 2076; x_wconf 86' lang='lat' dir='ltr'>jure</span> <span class='ocrx_word' id='word_1_181' title='bbox 879 2024 1058 2067; x_wconf 86' lang='lat' dir='ltr'>nocendi.</span> 
     </span>
    </p>

    <p class='ocr_par' dir='ltr' id='par_1_7' title="bbox 186 2087 980 2142">
     <span class='ocr_line' id='line_1_29' title="bbox 186 2087 980 2142; baseline -0.004 -12"><span class='ocrx_word' id='word_1_182' title='bbox 186 2090 258 2137; x_wconf 80' lang='lat' dir='ltr'>Nil</span> <span class='ocrx_word' id='word_1_183' title='bbox 275 2090 504 2128; x_wconf 87' lang='lat' dir='ltr'>intentatum</span> <span class='ocrx_word' id='word_1_184' title='bbox 527 2087 644 2128; x_wconf 86' lang='lat' dir='ltr'>nostri</span> <span class='ocrx_word' id='word_1_185' title='bbox 664 2088 811 2140; x_wconf 86' lang='lat' dir='ltr'>liquere</span> <span class='ocrx_word' id='word_1_186' title='bbox 832 2098 980 2142; x_wconf 77' lang='lat' dir='ltr'>poetae:</span> 
     </span>
    </p>

    <p class='ocr_par' dir='ltr' id='par_1_8' title="bbox 188 2145 1269 2512">
     <span class='ocr_line' id='line_1_30' title="bbox 188 2145 1190 2200; baseline -0.006 -8"><span class='ocrx_word' id='word_1_187' title='bbox 188 2150 272 2192; x_wconf 89' lang='lat' dir='ltr'>Nec</span> <span class='ocrx_word' id='word_1_188' title='bbox 292 2150 489 2189; x_wconf 84' lang='lat' dir='ltr'>minimum</span> <span class='ocrx_word' id='word_1_189' title='bbox 509 2162 682 2192; x_wconf 82' lang='lat' dir='ltr'>meruere</span> <span class='ocrx_word' id='word_1_190' title='bbox 702 2149 841 2196; x_wconf 81' lang='lat' dir='ltr'>decus,</span> <span class='ocrx_word' id='word_1_191' title='bbox 864 2148 1024 2200; x_wconf 86' lang='lat' dir='ltr'>vestigia</span> <span class='ocrx_word' id='word_1_192' title='bbox 1050 2145 1190 2187; x_wconf 84' lang='lat' dir='ltr'>Graeca</span> 
     </span>
     <span class='ocr_line' id='line_1_31' title="bbox 190 2206 1170 2256; baseline -0.005 -5"><span class='ocrx_word' id='word_1_193' title='bbox 190 2211 284 2256; x_wconf 74' lang='lat' dir='ltr'>Ausi</span> <span class='ocrx_word' id='word_1_194' title='bbox 308 2210 499 2256; x_wconf 81' lang='lat' dir='ltr'>deserere,</span> <span class='ocrx_word' id='word_1_195' title='bbox 531 2212 571 2251; x_wconf 90' lang='lat'>&amp;</span> <span class='ocrx_word' id='word_1_196' title='bbox 598 2209 789 2250; x_wconf 86' lang='lat' dir='ltr'>celebrare</span> <span class='ocrx_word' id='word_1_197' title='bbox 813 2208 1018 2250; x_wconf 81' lang='lat' dir='ltr'>domestica</span> <span class='ocrx_word' id='word_1_198' title='bbox 1045 2206 1170 2256; x_wconf 47' lang='grc' dir='ltr'>ἢθη</span> 
     </span>
     <span class='ocr_line' id='line_1_32' title="bbox 189 2271 1155 2326; baseline -0.002 -14"><span class='ocrx_word' id='word_1_199' title='bbox 189 2274 266 2314; x_wconf 91' lang='lat' dir='ltr'>Vel</span> <span class='ocrx_word' id='word_1_200' title='bbox 287 2274 353 2326; x_wconf 88' lang='lat' dir='ltr'>qui</span> <span class='ocrx_word' id='word_1_201' title='bbox 374 2284 599 2326; x_wconf 77' lang='lat' dir='ltr'>praetextas,</span> <span class='ocrx_word' id='word_1_202' title='bbox 624 2271 688 2312; x_wconf 79' lang='lat' dir='ltr'>vel</span> <span class='ocrx_word' id='word_1_203' title='bbox 708 2273 777 2326; x_wconf 89' lang='lat' dir='ltr'>qui</span> <span class='ocrx_word' id='word_1_204' title='bbox 799 2272 966 2312; x_wconf 88' lang='lat' dir='ltr'>docuere</span> <span class='ocrx_word' id='word_1_205' title='bbox 991 2280 1155 2323; x_wconf 86' lang='lat' dir='ltr'>togatas.</span> 
     </span>
     <span class='ocr_line' id='line_1_33' title="bbox 188 2331 1121 2388; baseline -0.006 -12"><span class='ocrx_word' id='word_1_206' title='bbox 188 2335 272 2388; x_wconf 73' lang='lat' dir='ltr'>Nec</span> <span class='ocrx_word' id='word_1_207' title='bbox 289 2332 437 2374; x_wconf 84' lang='lat' dir='ltr'>virtute</span> <span class='ocrx_word' id='word_1_208' title='bbox 463 2334 563 2374; x_wconf 87' lang='lat' dir='ltr'>foret</span> <span class='ocrx_word' id='word_1_209' title='bbox 585 2333 744 2375; x_wconf 86' lang='lat' dir='ltr'>clarisve</span> <span class='ocrx_word' id='word_1_210' title='bbox 767 2333 964 2388; x_wconf 78' lang='lat' dir='ltr'>porentius</span> <span class='ocrx_word' id='word_1_211' title='bbox 982 2331 1121 2379; x_wconf 84' lang='lat' dir='ltr'>armis,</span> 
     </span>
     <span class='ocr_line' id='line_1_34' title="bbox 190 2394 1269 2449; baseline -0.003 -13"><span class='ocrx_word' id='word_1_212' title='bbox 190 2397 327 2449; x_wconf 84' lang='lat' dir='ltr'>Quam</span> <span class='ocrx_word' id='word_1_213' title='bbox 349 2397 505 2449; x_wconf 81' lang='lat' dir='ltr'>lingua,</span> <span class='ocrx_word' id='word_1_214' title='bbox 531 2397 678 2437; x_wconf 85' lang='lat' dir='ltr'>Latium</span> <span class='ocrx_word' id='word_1_215' title='bbox 694 2427 707 2444; x_wconf 89' lang='lat'>,</span> <span class='ocrx_word' id='word_1_216' title='bbox 731 2395 758 2435; x_wconf 83' lang='lat' dir='ltr'>si</span> <span class='ocrx_word' id='word_1_217' title='bbox 785 2408 865 2436; x_wconf 89' lang='lat' dir='ltr'>non</span> <span class='ocrx_word' id='word_1_218' title='bbox 888 2394 1102 2435; x_wconf 85' lang='lat' dir='ltr'>offenderet</span> <span class='ocrx_word' id='word_1_219' title='bbox 1129 2406 1269 2434; x_wconf 88' lang='lat' dir='ltr'>unum·</span> 
     </span>
     <span class='ocr_line' id='line_1_35' title="bbox 191 2452 1250 2512; baseline -0.006 -13"><span class='ocrx_word' id='word_1_220' title='bbox 191 2452 406 2512; x_wconf 84' lang='lat' dir='ltr'>Quemque</span> <span class='ocrx_word' id='word_1_221' title='bbox 426 2468 629 2510; x_wconf 85' lang='lat' dir='ltr'>poetarum</span> <span class='ocrx_word' id='word_1_222' title='bbox 651 2457 754 2497; x_wconf 83' lang='lat' dir='ltr'>limae</span> <span class='ocrx_word' id='word_1_223' title='bbox 771 2456 883 2496; x_wconf 86' lang='lat' dir='ltr'>labor</span> <span class='ocrx_word' id='word_1_224' title='bbox 899 2457 937 2496; x_wconf 77' lang='grc' dir='ltr'>δι</span> <span class='ocrx_word' id='word_1_225' title='bbox 958 2467 1079 2494; x_wconf 88' lang='lat' dir='ltr'>mora.</span> <span class='ocrx_word' id='word_1_226' title='bbox 1096 2454 1206 2502; x_wconf 73' lang='lat' dir='ltr'>Vos,</span> <span class='ocrx_word' id='word_1_227' title='bbox 1222 2466 1250 2494; x_wconf 93' lang='lat' dir='ltr'>o</span> 
     </span>
    </p>
   </div>
   <div class='ocr_carea' id='block_1_3' title="bbox 188 2515 1303 2575">
    <p class='ocr_par' dir='ltr' id='par_1_9' title="bbox 188 2515 1303 2575">
     <span class='ocr_line' id='line_1_36' title="bbox 188 2515 1303 2575; baseline -0.004 -13"><span class='ocrx_word' id='word_1_228' title='bbox 188 2521 399 2575; x_wconf 71' lang='lat' dir='ltr'>Pompilius</span> <span class='ocrx_word' id='word_1_229' title='bbox 414 2519 584 2575; x_wconf 79' lang='lat' dir='ltr'>sanguis,</span> <span class='ocrx_word' id='word_1_230' title='bbox 609 2531 765 2564; x_wconf 82' lang='lat' dir='ltr'>carmen</span> <span class='ocrx_word' id='word_1_231' title='bbox 785 2517 1073 2573; x_wconf 77' lang='lat' dir='ltr'>reprehendite,</span> <span class='ocrx_word' id='word_1_232' title='bbox 1093 2515 1201 2574; x_wconf 86' lang='lat' dir='ltr'>quod</span> <span class='ocrx_word' id='word_1_233' title='bbox 1220 2526 1303 2558; x_wconf 86' lang='lat' dir='ltr'>non</span> 
     </span>
    </p>
   </div>
   <div class='ocr_carea' id='block_1_4' title="bbox 1385 540 1463 581">
    <p class='ocr_par' dir='ltr' id='par_1_10' title="bbox 1385 540 1463 581">
     <span class='ocr_line' id='line_1_37' title="bbox 1385 540 1463 581; baseline 0.013 -1"><span class='ocrx_word' id='word_1_234' title='bbox 1385 540 1463 581; x_wconf 82' lang='lat'>260</span> 
     </span>
    </p>
   </div>
   <div class='ocr_carea' id='block_1_5' title="bbox 1381 848 1454 902">
    <p class='ocr_par' dir='ltr' id='par_1_11' title="bbox 1381 848 1454 902">
     <span class='ocr_line' id='line_1_38' title="bbox 1381 848 1454 902; baseline 0.014 -12"><span class='ocrx_word' id='word_1_235' title='bbox 1381 848 1454 902; x_wconf 77' lang='lat'>265</span> 
     </span>
    </p>
   </div>
   <div class='ocr_carea' id='block_1_6' title="bbox 1380 1168 1459 1209">
    <p class='ocr_par' dir='ltr' id='par_1_12' title="bbox 1380 1168 1459 1209">
     <span class='ocr_line' id='line_1_39' title="bbox 1380 1168 1459 1209; baseline 0 -12"><span class='ocrx_word' id='word_1_236' title='bbox 1380 1168 1459 1209; x_wconf 82' lang='lat'>²70</span> 
     </span>
    </p>
   </div>
   <div class='ocr_carea' id='block_1_7' title="bbox 1379 1481 1454 1524">
    <p class='ocr_par' dir='ltr' id='par_1_13' title="bbox 1379 1481 1454 1524">
     <span class='ocr_line' id='line_1_40' title="bbox 1379 1481 1454 1524; baseline 0.027 -2"><span class='ocrx_word' id='word_1_237' title='bbox 1379 1481 1454 1524; x_wconf 79' lang='lat'>275</span> 
     </span>
    </p>
   </div>
   <div class='ocr_carea' id='block_1_8' title="bbox 1377 1773 1455 1817">
    <p class='ocr_par' dir='ltr' id='par_1_14' title="bbox 1377 1773 1455 1817">
     <span class='ocr_line' id='line_1_41' title="bbox 1377 1773 1455 1817; baseline -0.026 0"><span class='ocrx_word' id='word_1_238' title='bbox 1377 1773 1455 1817; x_wconf 79' lang='lat'>280</span> 
     </span>
    </p>
   </div>
   <div class='ocr_carea' id='block_1_9' title="bbox 1376 2083 1452 2138">
    <p class='ocr_par' dir='ltr' id='par_1_15' title="bbox 1376 2083 1452 2138">
     <span class='ocr_line' id='line_1_42' title="bbox 1376 2083 1452 2138; baseline -0.039 -10"><span class='ocrx_word' id='word_1_239' title='bbox 1376 2083 1452 2138; x_wconf 69' lang='lat'>²85</span> 
     </span>
    </p>
   </div>
   <div class='ocr_carea' id='block_1_10' title="bbox 1375 2403 1452 2446">
    <p class='ocr_par' dir='ltr' id='par_1_16' title="bbox 1375 2403 1452 2446">
     <span class='ocr_line' id='line_1_43' title="bbox 1375 2403 1452 2446; baseline -0.026 -11"><span class='ocrx_word' id='word_1_240' title='bbox 1375 2403 1452 2446; x_wconf 84' lang='lat'>²90</span> 
     </span>
    </p>
   </div>
  </div>
 </body>
</html>
