1592 2898
961 157 967 179 l

218 244 308 317 19'8
420 253 480 322 Q.
532 250 913 299 HoRATII
958 251 1273 299 FLACCI

211 357 411 411 Eriperem
425 388 438 405 ,
465 358 630 411 prudens
647 358 798 412 placavi
817 357 1002 411 sanguine
1016 357 1160 409 Divos.
1173 379 1242 390 —

213 418 366 470 Nempe
389 430 485 465 tuo,
508 417 662 458 furiose.
677 439 755 450 -—-
770 419 891 468 Meo,
913 418 975 459 sed
996 431 1084 459 non*
1100 417 1360 460 furiosus.—

213 480 300 533 Qui
321 480 463 534 species
480 482 573 522 alias
590 481 695 529 veri,
717 481 944 535 scelerisque
973 481 1145 523 tumultu

212 541 426 583 Permixtas
444 545 591 597 capiet,
613 556 837 586 commotus
860 544 1087 593 habebitur3
1113 554 1252 599 atque,
1311 585 1315 588 .

212 604 429 646 stultitiane
457 618 582 653 erret,
605 606 766 647 nihilum
786 607 958 655 distabit,
985 620 1034 647 an
1057 607 1124 648 ira.
1412 617 1491 647 210

213 665 319 718 Ajax
340 681 428 708 cum
450 669 663 708 immeritos
684 670 852 717 occidit,
873 669 1032 723 desipit,
1062 668 1210 723 agnos?

213 727 316 768 Cum
340 731 505 782 prudens
531 731 651 772 scelus
673 733 727 772 ob
750 732 885 773 titulos
906 733 1072 773 admittis
1091 734 1249 781 inanes,

213 789 475 848 Stasoanimo?
494 794 530 833 δι
548 808 687 846 purum
707 793 761 835 est
782 795 880 835 vitio
899 795 964 834 tibi
985 809 1073 836 cum
1094 795 1287 837 tumidum
1301 794 1356 835 est
1371 795 1462 836 cor?

213 853 252 895 Si
273 855 359 908 quis
381 856 514 896 lefflca
541 858 695 897 nitidam
720 856 863 912 gestare
886 869 989 898 amet
1015 870 1153 911 agnam
1168 886 1182 907 ,

210 915 318 958 Huic
337 918 501 966 vestem,
527 931 570 959 ut
591 931 738 973 gnatae,
759 933 866 973 paret
881 951 892 966 ,
911 920 1070 961 ancillas
1092 931 1212 974 paret,
1231 933 1385 970 aurum,
1412 930 1488 973 215

213 974 358 1017 Rufam
380 978 421 1018 &
439 978 623 1020 Rufillam
644 981 831 1034 appellet,
853 978 1025 1033 fortique
1043 981 1183 1021 marito

212 1036 388 1080 Destinet
410 1052 598 1091 uxorem,
613 1042 815 1083 interdiEio
830 1042 920 1083 huic
941 1055 1060 1083 omne
1083 1043 1225 1085 adimat
1248 1043 1314 1097 jus

214 1099 366 1141 Praetor
382 1132 392 1148 ‚
418 1103 456 1142 δι
484 1104 532 1143 ad
550 1103 661 1145 sanos
682 1105 794 1144 abeat
817 1105 936 1145 tutela
961 1106 1215 1159 propinquos.

213 1163 357 1217 Quid?
383 1165 407 1204 si
430 1168 517 1220 quis
539 1179 691 1220 gnatam
715 1181 788 1222 pro
810 1179 917 1208 muta
934 1168 1108 1209 devovet
1129 1181 1251 1223 agna,

213 1225 371 1279 Integer
395 1227 449 1268 est
469 1229 617 1270 animi?
639 1230 699 1269 Ne
721 1230 874 1271 dixeris.
897 1231 1026 1284 Ergo,
1044 1231 1111 1271 ubi
1133 1244 1255 1284 prava
1416 1241 1496 1273 220

213 1290 379 1330 Stultitia
393 1321 403 1338 ,
431 1291 495 1331 hic
518 1291 571 1331 est
592 1291 741 1332 summa
762 1288 931 1333 insania:
956 1294 1023 1346 qui
1051 1292 1257 1335 sceleratus
1271 1322 1286 1340 ,

213 1352 263 1394 Et
286 1353 457 1398 furiosus
475 1355 573 1403 erit;
600 1368 715 1408 quem
743 1355 846 1408 cepit
869 1355 995 1396 vitrea
1017 1354 1142 1405 fama,

210 1415 332 1457 Hunc
353 1417 631 1459 circumtonuit
654 1418 827 1470 gaudens
847 1417 1010 1458 Bellona
1034 1419 1218 1463 cruentis.

212 1478 331 1521 Nunc
347 1493 440 1532 age,
464 1482 658 1522 luxuriam
672 1512 683 1527 ,
703 1481 744 1521 δι
766 1481 1059 1521 Nomentanum
1083 1482 1209 1535 arripe
1232 1493 1399 1522 mecum.

212 1542 358 1594 ZVincet
381 1543 483 1582 enim
508 1543 646 1584 stultos
670 1544 771 1582 ratio
790 1542 956 1582 insanire
979 1554 1158 1595 nepotes.
1413 1551 1489 1594 225

214 1601 290 1643 Hic
309 1602 419 1643 simul
446 1603 592 1655 accepit
618 1604 827 1656 patrimoni
846 1604 949 1644 mille
977 1604 1120 1644 talenta
1136 1635 1152 1652 ,
1274 1592 1302 1606 l

213 1663 362 1710 Edicit,
386 1663 550 1717 piscator
575 1666 656 1714 uti,
685 1666 913 1718 pomarius,
939 1677 1113 1718 auceps,
1138 1708 1141 1710 ,
1192 1709 1194 1712 ,

213 1726 530 1780 Unguentarius,
556 1740 601 1767 ac
620 1710 737 1768 Tusci
762 1727 911 1767 turba
903 1728 1025 1780 impia
1046 1727 1154 1775 vici,

165 1802 169 1804 ·
213 1787 317 1827 Cum
349 1787 486 1828 scurris
510 1776 657 1836 fartor,
682 1801 774 1828 cum
802 1788 977 1828 Velabro
995 1801 1123 1828 ornne
1132 1787 1374 1835 Macellum,

214 1847 335 1894 Mane
353 1849 514 1890 domum
537 1849 706 1888 veniant.
725 1847 836 1900 Quid
852 1847 962 1888 tum?
984 1850 1140 1895 Venere
1153 1847 1387 1900 frequentes.
1417 1859 1494 1902 230

213 1909 347 1951 Verba
368 1909 461 1951 facit
481 1912 596 1952 leno:
622 1910 829 1966 Quidquid
847 1911 939 1951 mihi
952 1942 965 1961 ,
987 1908 1174 1965 quidquid
1189 1913 1231 1952 &
1251 1912 1392 1961 hortun

214 1971 373 2026 Cuique
387 1974 492 2014 domi
511 1973 585 2022 est,
605 1974 641 2013 id
659 1971 772 2014 crede
791 1985 901 2014 tuum
912 1989 924 2023 ;
944 1974 984 2015 &
1003 1974 1069 2014 vel
1083 1986 1188 2014 nunc
1200 1985 1300 2026 pete,
1318 1973 1383 2015 vel
1396 1986 1493 2022 cras.

215 2036 384 2090 Accipe,
403 2038 497 2091 quid
519 2036 836 2090 contrajuvenis
852 2036 1092 2091 responderit
1113 2049 1271 2092 aequus:
1485 2051 1490 2054 ·

214 2100 263 2142 In
286 2101 376 2140 nive
399 2101 560 2141 Lucana·
572 2101 724 2140 dormis
739 2111 950 2148 ocreatus,
973 2113 1016 2140 ut
1035 2113 1175 2154 aprum·

213 2161 381 2203 Coenem
407 2174 506 2219 ego:
533 2172 575 2202 tu
598 2161 718 2214 pisces
736 2161 900 2201 hiberno
921 2173 972 2201 ex
990 2173 1153 2214 aequore
1172 2159 1307 2209 vellis;
1417 2170 1493 2214 εἷς

213 2223 348 2278 Segnis
363 2237 459 2278 ego,
479 2225 659 2279 indignus
679 2224 744 2280 qui
764 2234 912 2264 tantum
940 2221 1172 2276 possideam:
1198 2222 1336 2264 aufer!

213 2280 335 2328 Sume
359 2289 425 2328 tibi
449 2289 594 2337 decies;
615 2289 685 2328 tibi
707 2287 957 2335 tantundem3
981 2286 1049 2326 tibi
1073 2286 1237 2341 triplex,

213 2348 331 2390 Unde
353 2363 457 2391 uxor
477 2351 602 2392 media
627 2350 817 2400 curritde
842 2350 957 2391 nocie
978 2349 1110 2389 citata.

213 2406 333 2450 Filius
353 2410 488 2465 AEsopi
508 2411 715 2452 detraaam
733 2423 783 2459 ex
809 2423 903 2451 aure
922 2410 1112 2459 Metella,

211 2470 375 2518 Scilicet,
394 2483 436 2513 ut
458 2473 585 2513 decies
598 2471 768 2521 ,solidum
791 2470 1017 2512 exsorberet
1030 2502 1043 2520 ,
1068 2482 1193 2513 aceto*
1416 2468 1494 2520 246

210 2530 345 2576 Diluit
361 2534 547 2590 insignem
567 2533 752 2584 baccam3
767 2532 846 2588 qui
866 2532 1018 2585 sanior,
1039 2544 1084 2574 ac
1110 2531 1143 2577 fi
1458 2539 1461 2541 ’
