1592 2898
243 208 339 257 126.

300 476 966 610 anoizmu
1027 523 1439 596 FLAccl

439 684 510 772 E
589 687 652 774 P
731 687 820 777 O
893 690 985 777 D
1058 690 1147 816 ς)
1221 693 1307 781 Ν

714 865 1038 915 LIBER.

654 1160 922 1205 vODE
985 1163 1022 1206 I.

394 1302 592 1355 *AD
650 1301 1242 1346 MAECENATEM.

227 1434 419 1476 Maecenan'
444 1436 493 1474 ad
518 1435 645 1474 bellum
669 1435 856 1475 Aaiacum
878 1434 1112 1489 proficiftenti
1135 1437 1289 1477 comitem
1310 1438 1350 1491 fi
1376 1438 1501 1494 offlrtj

278 1514 350 1538 non
374 1511 446 1538 tam
469 1500 565 1551 quod
582 1498 767 1551 praesentia
783 1499 858 1552 sua
878 1501 1070 1553 quidquam
1096 1503 1267 1543 commodi
1276 1505 1328 1555 fit
1349 1504 1380 1542 ei
1399 1505 1500 1544 alla-

279 1573 402 1609 turus,
428 1576 534 1627 quffm
551 1562 649 1614 quod
664 1562 781 1601 minus
796 1563 836 1601 de
852 1562 969 1614 salute
995 1563 1071 1617 ejus
1088 1563 1268 1616 sollicitus
1277 1564 1497 1619 fitfinurus.

224 1658 325 1732 Ilus
350 1686 530 1726 Liburnis
553 1685 653 1726 inter
673 1684 750 1725 alta
773 1686 932 1728 navium
950 1718 963 1736 ,

279 1749 418 1788 Amice
434 1777 448 1795 ‚
468 1747 760 1801 propugnacula
773 1776 787 1793 ‚

223 1811 385 1852 Paratus
413 1824 530 1851 omne
558 1810 719 1851 Caesaris
744 1810 962 1864 periculum

277 1876 438 1923 Subire,
458 1876 679 1925 Maecenas,
701 1887 786 1916 tuo.

223 1938 334 1993 Quid
355 1951 450 1987 ηοε,
474 1938 619 1991 quibus
645 1950 684 1978 te
707 1939 788 1979 vita
813 1937 841 1977 fi
864 1937 1058 1993 superstite
1473 1953 1492 1996 5

276 2001 479 2048 Jucunda;
504 2000 534 2040 fi
558 2011 714 2047 contra,
741 2001 900 2053 grav1s?

223 2061 418 2102 Utrumne
445 2060 532 2113 juffi
558 2059 831 2115 persequemur
852 2062 1004 2109 otium,

276 2124 369 2164 Non
394 2123 530 2172 dulce,
562 2123 600 2161 ni
626 2133 756 2163 tecum
781 2122 918 2163 fimul?

222 2186 288 2228 An
317 2187 419 2227 hunc
441 2186 611 2226 laborem
633 2196 762 2225 mente
786 2186 923 2232 laturi,
952 2185 1060 2226 decet

277 2248 372 2302 Qua
396 2248 496 2289 ferre
525 2261 606 2288 non
636 2247 772 2288 molles
794 2249 929 2290 viros?
1442 2261 1491 2291 ιο

221 2311 429 2360 Feremu53
457 2311 499 2351 &
525 2323 562 2351 te
583 2311 648 2352 vel
673 2324 741 2366 per
761 2311 920 2365 Alpium
944 2310 1063 2364 juga,
1499 2308 1501 2310 ’

274 2373 548 2427 Inhospitalem
576 2373 618 2413 δι
641 2372 880 2421 Caucasum,

218 2437 297 2479 Vel
319 2437 528 2477 occidentis
552 2436 673 2488 usque
697 2436 744 2476 ad
769 2437 946 2476 ultimum
973 2434 1121 2486 finum,

271 2499 382 2541 Forti
403 2499 608 2553 sequemur
637 2498 806 2553 pefiiore.
