1592 2898
294 252 1139 314 EPODONLIBER„
1277 264 1377 314 139m

557 469 750 516 ODE
822 467 921 513 XI.

438 632 547 675 AD
615 628 1033 674 PECTIUM.

159 791 207 829 Se
224 801 338 828 arnon
361 797 524 840 capuan,
551 798 623 824 non
643 782 743 838 poffi
762 784 814 822 ad
835 781 955 834 versus
967 780 1157 835 faciendos
1181 793 1251 833 ope
1245 793 1319 818 am

537 846 733 902 studiumve
769 843 930 898 conferre.

15 1002 27 1017 *
109 959 326 1037 Pte-11,
344 986 439 1027 nihil
462 998 547 1035 me,
563 985 661 1027 ficut
682 995 820 1032 antea,
849 981 964 1035 juvat

162 1050 337 1092 Scribere
363 1047 573 1089 verficulos
597 1059 733 1088 amore
755 1043 975 1099 perculsum
995 1044 1133 1098 gravi3

110 1114 286 1160 Amore,
306 1112 373 1166 qui
396 1124 459 1152 me
483 1122 625 1165 praeter
648 1123 786 1150 omnes
806 1109 953 1161 expetit

165 1173 350 1215 Mollibus
371 1173 411 1212 in
429 1172 558 1225 pueris
582 1184 660 1218 aut,
676 1171 716 1211 in
740 1170 877 1224 puellis
900 1182 1027 1210 urere.

113 1237 191 1278 Hic
206 1236 340 1276 tertius
359 1233 609 1289 December,
630 1245 680 1272 ex
704 1245 787 1285 quo
808 1229 929 1270 destiti
1357 1238 1377 1280 ς

69 1335 75 1338 ,
166 1298 325 1340 Inachia
343 1296 499 1343 furere,
521 1295 625 1336 filvis
649 1295 843 1337 honorem
876 1292 1034 1347 decutit.

114 1360 228 1401 Heu!
247 1372 332 1408 me,
352 1371 420 1412 per
446 1358 582 1398 urbem
609 1356 728 1410 (nam
749 1355 870 1409 pudet
889 1355 987 1395 tanti
1011 1353 1131 1400 mali)

166 1421 311 1464 Fabula
327 1431 475 1474 ‚quanta
496 1418 580 1459 fui!
611 1419 891 1459 conviviorum
915 1417 959 1458 δι
984 1418 1171 1471 poenitet,

0 1506 7 1539 ¹»
27 1493 30 1496 ·
102 1482 159 1529 *ln
187 1482 298 1536 queis
317 1491 508 1520 amantem
532 1478 758 1531 &languor
783 1478 825 1518 δι
853 1477 1046 1518 silentium

167 1542 334 1597 Argust,
356 1541 399 1582 &
420 1540 542 1580 latere
563 1540 706 1593 petitus
725 1540 805 1579 imo
822 1538 992 1591 spiritus.
1333 1548 1384 1578 ιο

115 1605 317 1648 Contrane
338 1603 489 1644 lucrum
510 1602 564 1641 nil
588 1602 718 1643 valere
735 1601 941 1642 candidum
1194 1632 1199 1637 .

166 1666 347 1721 Pauperis
367 1665 590 1718 ingenium!
623 1665 813 1718 querebar
833 1663 1041 1718 adplorans
1077 1662 1176 1712 tibi3

76 1742 81 1743 ⁷
115 1728 238 1773 Simul
258 1727 416 1768 calentis
438 1727 720 1768 inverecundus
742 1726 854 1766 Deus

169 1789 391 1831 fervidiora
414 1802 525 1829 mero
549 1801 690 1828 arcana
711 1800 913 1841 promorat
936 1789 1041 1829 loco.

117 1852 247 1908 Quod
274 1851 303 1892 sx
330 1852 424 1892 meis
444 1851 620 1892 inaestuat
651 1852 871 1904 praecordiis
1335 1862 1382 1904 15

164 1914 307 1957 Libera
326 1913 434 1959 bilis,
456 1925 501 1952 ut
523 1912 608 1952 haec
637 1913 785 1964 ingrata
808 1911 935 1951 ventis
955 1911 1097 1952 dividat
1371 1914 1377 1918 '

116 1975 327 2023 Fomenta,
351 1974 497 2014 vulnus
519 1974 571 2013 nil
590 1973 736 2012 malum
763 1973 930 2012 levantia
943 1988 957 2021 3
972 2002 980 2008 .

172 2037 333 2078 Definet
351 2037 561 2092 imparibus
582 2048 731 2078 certare
756 2035 959 2076 submotus
986 2034 1130 2087 pudor.

116 2099 199 2143 Ubi
228 2099 311 2140 haec
334 2098 490 2139 severus
513 2109 553 2139 te
574 2098 701 2152 palam
723 2098 991 2145 laudaveram,

172 2161 297 2203 Juffus
319 2162 427 2202 abire
447 2162 607 2202 domum
619 2191 631 2208 ‚
658 2160 810 2201 ferebar
830 2161 983 2200 incerto
999 2159 1098 2213 pede
1335 2168 1389 2199 ιο

118 2222 186 2265 'Ad
207 2236 290 2265 non
310 2225 459 2265 amicos
485 2224 646 2278 (heul)
673 2224 768 2263 mihi
792 2223 944 2276 postes,
970 2223 1013 2262 &
1034 2220 1192 2276 (hem)

175 2286 322 2327 Limina
341 2287 457 2334 dura,
477 2287 621 2341 quibus
640 2286 796 2327 lumbos
820 2286 864 2327 δι
887 2284 1025 2338 infregi
1049 2286 1166 2325 latus.

121 2349 257 2397 Nunc,
279 2349 476 2402 gloriantis
496 2351 707 2404 quamlibet
734 2350 1001 2390 mulierculam

175 2414 343 2455 Vincere
358 2415 543 2465 mollitia,
571 2428 686 2455 amor
713 2414 865 2468 Lycisci
888 2427 952 2455 me
976 2424 1107 2462 tenen

120 2474 237 2518 Unde
257 2476 435 2528 expedire
457 2488 536 2516 non
558 2472 771 2516 amicorum
787 2486 937 2529 queant
1338 2485 1385 2524 25

172 2537 309 2581 Libera
326 2538 504 2591 consilia,
529 2552 603 2581 nec
622 2540 870 2582 contumeliae
894 2551 1058 2593 graves;
