1592 2898
204 229 297 295 158
397 196 459 300 Q
524 227 909 276 HORATII
978 228 1286 275 FLACCI

205 336 382 391 Quidam
405 346 523 378 notus
543 336 666 378 homo
691 350 782 378 cum
807 336 930 377 exiret
949 334 1125 391 fornice,
1148 337 1281 379 MaCte

204 400 366 440 Virtute
390 399 496 448 esto,
525 399 649 454 inquit
677 398 863 439 sententia
887 399 949 439 dia
975 399 1161 441 Catonis:

205 462 308 503 Nam
326 461 485 506 simulac
510 462 808 504 venas'inflavit
837 471 936 503 tetra
963 461 1126 511 libido‚'

206 525 298 566 Huc
319 525 486 579 juvenes
511 538 668 580 aequum
687 526 742 567 est
765 525 990 567 descendere
1003 541 1017 575 ;
1041 538 1123 567 non
1149 525 1290 567 alienas
1520 561 1525 565 .

206 586 428 629 Permolere
451 583 607 629 nitores.
632 581 766 629 Nolim
796 587 1012 636 laudarier,
1038 587 1186 643 inquit,
1437 596 1485 642 35

208 648 273 690 Sic
297 664 383 699 me,
407 651 569 691 mirator
591 650 709 691 cunni
729 649 972 704 Cupiennius
994 649 1082 689 albi.

209 714 359 754 Audire
378 712 432 753 est
459 725 592 766 operae
614 713 781 766 pretium
797 742 811 760 ,
829 712 1039 767 procedere
1062 711 1166 754 reae

210 777 298 831 Qui
321 777 481 818 moechis
499 789 580 817 non
607 776 746 824 vultis,
775 787 819 817 ut
839 775 948 815 omni
967 786 1075 829 parte
1101 776 1301 824 laborent,
1335 803 1342 807 1

211 841 350 894 thue
376 840 449 880 illis
472 840 600 880 multo
625 851 808 894 corrupta
832 839 970 880 dolore
992 840 1175 892 voluptas
1189 869 1202 887 ‚

211 904 347 958 Atque
369 903 452 943 baec
480 915 588 950 rara,
617 903 727 943 cadat
753 903 850 943 dura
875 902 972 942 inter
998 901 1100 956 saepe'
1122 902 1274 956 pericla.
1363 930 1366 933 -
1437 912 1492 954 40

210 966 293 1009 Hic
313 965 350 1006 se
373 966 607 1020 praecipitem
636 964 741 1005 testo
765 965 892 1005 dedit:
918 964 982 1005 ille
1003 965 1162 1019 flagellis

212 1028 278 1070 Ad
300 1038 468 1068 mortem
489 1026 635 1068 caesus:
670 1025 820 1079 fugiens
843 1025 905 1067 hic
924 1026 1064 1066 decidit
1086 1039 1214 1068 acrem
1487 1075 1491 1077 μ

213 1090 445 1131 Praedonum
470 1089 510 1128 in
535 1089 713 1129 turbam:
737 1088 837 1128 dedit
859 1088 922 1128 hic
946 1101 1021 1141 pro
1051 1100 1218 1142 corpore
1235 1100 1446 1131 nummos:

215 1151 336 1193 Hunc
361 1151 651 1205 perminxerunt
682 1149 865 1190 calones:
887 1150 982 1202 quin
1007 1150 1125 1190 etiam
1148 1149 1244 1190 illud

215 1214 394 1262 Accidit,
419 1224 463 1254 ut
486 1213 647 1267 quidam
678 1212 791 1253 testes
818 1213 1061 1266 caudamque
1090 1211 1249 1254 salacem
1311 1240 1314 1242 -
1441 1223 1494 1267 45

214 1275 445 1319 Demeteret
469 1274 627 1316 ferrum.
652 1276 746 1316 Jure
772 1288 934 1316 omnes:
955 1275 1081 1316 Galba
1111 1275 1290 1329 negabat.

217 1339 367 1380 Tutior
391 1349 429 1378 at
455 1350 605 1391 quanto
628 1351 736 1377 merx
761 1337 816 1377 est
836 1339 874 1377 in
899 1336 1010 1391 claffe
1037 1337 1227 1380 secunda!

217 1399 500 1441 Libertinarum
526 1400 616 1440 dico
632 1430 644 1448 ,
662 1399 858 1440 Sallustius
879 1399 918 1438 ih
941 1411 1039 1452 quas

219 1463 315 1504 Non
338 1463 466 1502 minus
485 1461 645 1509 insanit,
668 1475 784 1515 quam
805 1462 872 1516 qui
897 1459 1142 1502 moechatur:
1168 1472 1207 1501 at
1229 1459 1292 1502 hic
1309 1459 1364 1511 fi,

220 1525 319 1579 Qua
340 1538 424 1572 res,
446 1537 523 1578 qua
545 1524 647 1564 ratio
669 1524 864 1572 suaderet,
889 1536 1046 1577 quaque
1067 1522 1237 1563 modeste
1403 1538 1406 1541 ·
1444 1533 1494 1578 50

218 1585 416 1629 Munifico
437 1585 514 1627 effe
531 1586 642 1634 licet,
668 1586 794 1626 vellet
805 1586 932 1625 bonus
958 1596 1074 1638 atque
1097 1585 1288 1639 benignus
1458 1579 1460 1581 “

221 1649 333 1700 Effe3
358 1652 464 1691 daret
488 1660 677 1704 quantum
698 1648 784 1690 satis
804 1648 922 1696 esset,
946 1661 1018 1689 nec
1040 1647 1112 1688 fibi
1134 1649 1279 1690 damno

221 1713 499 1767 Dedecorique
519 1711 643 1753 foret:
667 1724 809 1752 verum
838 1711 918 1752 hoc
937 1709 975 1750 se
997 1710 1244 1764 ampleffitur
1264 1707 1370 1760 uno;

222 1777 316 1818 Hoc
338 1788 462 1822 amat,
482 1776 558 1816 hoc
579 1775 736 1815 laudat:
765 1774 991 1814 Matronam
1018 1773 1163 1814 nullam
1190 1786 1269 1826 ego
1293 1782 1425 1828 tango.

223 1839 282 1879 Ut
305 1838 503 1892 quondam
528 1836 718 1876 Marsaeus
733 1867 745 1885 ‚
770 1834 1151 1888 amator-Originis,
1179 1834 1243 1874 ille
1446 1845 1500 1889 >55

222 1900 316 1954 Qui
338 1899 506 1954 patrium
528 1900 659 1938 mimae
677 1899 798 1938 donat
819 1896 1060 1950 fundumque
1083 1897 1309 1950 laremque,
1341 1920 1359 1937 .

226 1963 291 2004 Nil
314 1962 428 2003 fuerit
450 1960 525 2010 mi,
550 1962 699 2015 inquit,
721 1974 811 2001 cum
832 1960 1023 2000 uxoribus
1048 1971 1222 2013 unquam
1251 1958 1395 1999 alienis.

225 2025 379 2066 Verum
405 2022 459 2063 est
483 2037 574 2064 cum
594 2024 741 2071 mimis;
767 2023 821 2063 est
849 2035 939 2062 cum
962 2021 1255 2067 meretricibus:
1278 2022 1384 2061 unde

225 2086 346 2127 Fama
370 2086 513 2126 malum
541 2086 699 2139 gravius
717 2115 728 2134 ‚
750 2098 866 2138 quam
894 2096 978 2131 res,
1002 2082 1128 2122 trahit.
1150 2082 1212 2121 An
1230 2081 1298 2121 tibi
1315 2081 1467 2123 abunde

226 2149 431 2190 Personam
457 2148 544 2188 satis
566 2142 647 2195 est,
669 2160 749 2187 non
773 2147 886 2194 illud,
911 2145 1096 2199 quidquid
1120 2144 1284 2198 ubique
1331 2144 1338 2178 ζ
1452 2143 1506 2185 60
1532 2173 1534 2175 -
1580 2191 1590 2198 .

226 2212 388 2261 officit,
412 2211 587 2252 evitare?
614 2212 755 2251 bonam
783 2210 990 2263 deperdere
1019 2207 1188 2255 famam,

228 2273 329 2314 Rem
348 2273 464 2327 patris
482 2273 700 2320 oblimare,
718 2271 862 2311 malum
879 2269 933 2310 est
954 2269 1188 2321 ubicunque.
1206 2266 1345 2321 Quid
1335 2277 1455 2308 mter-

230 2333 326 2375 Est
318 2347 355 2372 m
380 2345 584 2380 matrona,
616 2304 781 2378 ancilla,
807 2329 993 2384 peccesve
1022 2329 1185 2382 togata?

229 2395 373 2442 Villius
392 2397 436 2435 vin
458 2395 597 2435 Fausta
619 2395 746 2435 Sullae-
759 2406 900 2446 gener,
931 2393 1009 2432 hoc
1034 2391 1145 2431 miser
1161 2403 1252 2430 uno
1437 2447 1441 2450 ι

231 2458 404 2499 Nomine
434 2458 637 2511 deceptus,
659 2469 793 2510 poenas
815 2454 915 2494 dedit
944 2452 1069 2506 usque
1097 2451 1288 2506 superque
1457 2448 1506 2503 65

234 2522 375 2577 ‚Quam
397 2521 482 2563 satis
503 2520 581 2570 est;
602 2521 742 2575 pugnis
761 2517 903 2566 caesus,
931 2516 1115 2571 ferroque
1139 2517 1307 2571 petitus;
1371 2548 1376 2551 .
1407 2547 1409 2549 .
