1592 2898
354 226 881 282 *SERMONUM
937 225 1411 289 LIB.1.155
1494 283 1500 287 ⁵

144 338 233 380 Cur
251 348 319 387 tua
338 335 428 392 plus
445 335 576 378 laudet
592 334 759 376 cumeris
782 331 958 392 granaria
987 329 1148 371 nostris.
1138 331 1154 357 ³

144 400 205 443 U(
221 399 293 440 tibi
311 397 341 439 st
361 397 408 439 fit
424 410 527 451 opus
547 396 681 451 liquidi
707 408 789 437 non
814 395 978 448 amplius
1002 405 1129 438 urna,

144 453 226 503 vd
239 459 416 515 cyatho,
443 459 487 500 δι
507 458 630 500 dicas:
656 458 805 511 Magno
824 457 872 497 de
890 455 1055 496 flumine
1077 453 1257 499 manem,
1369 463 1415 506 55

73 544 77 548 ·
146 521 283 576 Qmm
304 534 354 567 ex
373 521 453 563 hoc
473 519 666 562 fonticulo
686 517 911 560 tantundem
938 516 1102 557 sumere.
1133 514 1195 556 Eo
1214 513 1284 563 fit,

144 582 301 625 Plenior
315 594 363 624 ut
382 581 414 623 fi
435 595 539 637 quos
559 579 722 622 deleaet
741 580 867 634 copia
880 578 1008 632 justo,

145 645 251 689 Cum
274 646 362 700 ripa
384 644 497 686 fimul
518 643 677 685 avulsos
702 642 801 684 ferat
819 641 990 683 Aufidus
1020 654 1120 683 acer.

145 705 206 754 At
221 706 292 762 qui
313 704 456 752 tantuli
477 716 595 758 eget,
616 715 769 758 quanto
788 702 845 745 est
864 715 995 756 opus,
1019 701 1051 742 is
1080 713 1207 772 neque
1233 700 1330 740 iimo

0 739 1 745 ¹
53 796 59 802 ‚
145 757 363 811 Turbatam
382 768 511 809 haurit
531 780 697 822 aquam,
716 778 846 820 neque
864 766 983 807 vitam
1004 766 1147 805 amittit
1167 765 1205 803 in
1220 764 1341 804 undis.
1369 762 1423 804 60

147 827 208 874 At
228 833 333 878 bona
354 845 442 887 pars
465 831 699 877 huminum,
722 829 883 898 decepta
908 828 1087 881 cupidine
1109 826 1228 874 falso,

147 891 217 934 Nil
239 893 327 934 satis
345 892 455 941 est,
445 893 597 946 inquit
586 922 600 941 ,
617 892 711 946 quia
738 891 860 939 tanti,
883 902 1072 944 quantum
1095 889 1261 936 habeas,
1282 888 1344 929 fis.

150 954 265 1009 Quid
283 954 401 998 facias
422 955 502 997 illi?
521 954 659 1007 jubas
685 952 867 994 miserum
888 951 986 1002 effe,
1010 952 1175 994 libenter

112 1013 118 1017 ’
149 1017 357 1071 Quatinus
371 1017 408 1058 id
432 1017 548 1059 facit:
571 1027 616 1057 ut
641 1016 798 1070 quidam
818 1028 1058 1055 memoratur
1082 1015 1252 1055 Athenis

150 1078 335 1121 Sordidus
363 1093 409 1121 ac
429 1079 541 1119 dives
556 1108 571 1126 ‚
598 1078 735 1132 populi
755 1089 1007 1118 contemnere
1033 1089 1155 1117 voces
1370 1076 1421 1130 65

152 1139 216 1180 Sic
237 1138 395 1180 solitus:
414 1138 587 1193 Populus
611 1151 673 1178 me
695 1137 815 1181 sibilat
827 1153 842 1186 3
865 1150 905 1177 at
932 1137 1025 1176 mihi
1054 1137 1201 1191 plaudo

152 1199 239 1252 lpse
255 1201 387 1249 domi,
412 1199 524 1240 simul
551 1213 595 1239 ac
621 1209 807 1239 nummos
829 1198 1073 1251 contemplor
1094 1200 1134 1239 in
1154 1211 1251 1245 arcae

154 1260 347 1302 Tantalus
368 1274 393 1302 a
412 1261 529 1301 labris
550 1260 677 1301 fitiens
701 1259 888 1314 fugientia
911 1271 1042 1313 aptat
1146 1307 1156 1312 ,

151 1318 358 1367 Flumina:
373 1321 477 1376 quid
502 1321 626 1362 rides?
644 1330 799 1362 mutato
831 1321 990 1361 nomine
1009 1321 1056 1360 de
1073 1332 1113 1362 te

152 1383 302 1427 rabula
318 1395 515 1428 narratur:
544 1384 735 1438 congestis
760 1384 934 1438 undique
955 1383 1073 1425 saccis
1376 1398 1431 1439 70

151 1446 346 1489 Indormis
365 1448 547 1495 inhians,
573 1447 625 1497 ὃς
642 1459 830 1501 tanquam
854 1460 1012 1500 parcere
1043 1437 1162 1488 sacris

153 1508 347 1563 Cogeris,
370 1521 440 1551 aut
465 1508 574 1563 piffis
593 1521 776 1563 tanquam
801 1510 969 1564 gaudere
987 1509 1148 1550 rabeuis.

153 1570 288 1613 Nescis
307 1583 400 1625 quo
412 1572 540 1612 valent
568 1571 776 1613 nummus?
795 1581 913 1626 quem
932 1572 1102 1626 praebeat
1126 1569 1265 1612 usum?

151 1632 271 1679 Panis
287 1646 463 1684 ematur,
486 1634 600 1683 olus,
626 1635 707 1674 vini
732 1634 938 1676 sextarius.
970 1635 1092 1682 adde,

155 1693 290 1747 Queis
310 1695 476 1736 humana
500 1694 571 1735 fibi
595 1696 725 1736 dolent
743 1708 881 1737 natura
899 1697 1059 1750 negatis.
1377 1704 1431 1751 75

84 1752 86 1755 ¹
157 1757 237 1799 An'
234 1757 404 1812 vigilare
424 1768 531 1799 metu
551 1758 789 1806 exanimem,
810 1758 1021 1813 no&esque
1038 1748 1193 1814 diesque

157 1819 380 1861 Formidare
400 1819 524 1860 malos
546 1818 678 1868 fures,
707 1821 908 1869 incendia,
931 1820 1093 1868 servos,

155 1881 222 1924 Ne
243 1893 285 1923 te
304 1882 516 1936 conpilent
540 1880 755 1935 fugientes,
781 1882 858 1922 hoc
876 1882 1015 1934 juvat?
1044 1883 1188 1924 horum

157 1943 317 1997 Semper
336 1957 414 1998 ego
429 1943 598 1997 optarim
622 1944 889 1997 pauperrimus
906 1944 981 1984 effe
1001 1945 1215 1986 bonorum.

161 2003 220 2046 At
242 2004 274 2046 fi
292 2005 496 2055 condoluit
518 2016 707 2054 tentatum
737 2003 884 2058 frigore
905 2018 1075 2059 eorpus,
1380 2006 1435 2048 80

160 2066 247 2109 Aut
267 2067 368 2110 alius
386 2065 494 2108 casus
517 2066 619 2107 18ἂο
646 2077 686 2107 te
712 2067 857 2116 affixit3
887 2067 1004 2108 habes
1024 2068 1093 2122 qui

162 2125 343 2169 Adsideat
356 2159 370 2177 ‚
399 2127 573 2169 fomenta
596 2140 732 2184 paret,
758 2131 950 2171 medicum
976 2141 1114 2183 roget,
1140 2142 1184 2170 ut
1210 2140 1250 2172 te

161 2189 346 2238 Suscitet,
368 2204 414 2232 ac
436 2192 566 2235 reddat
589 2193 714 2242 natis,
743 2192 918 2247 carisque
937 2194 1191 2246 propinquis?

161 2252 258 2299 Non
277 2267 381 2295 uxor
398 2255 548 2297 salvum
562 2269 603 2298 te
626 2258 734 2306 vult,
757 2271 841 2299 non
862 2257 990 2298 filius·
1015 2270 1153 2299 omnes

163 2315 297 2358 Vicini
316 2318 504 2370 oderunt,
526 2321 636 2371 noti,
662 2322 773 2377 pueri
801 2333 919 2376 atque
938 2320 1089 2392 puellae.
1384 2320 1436 2373 85

159 2376 339 2429 Miraris,
362 2393 452 2421 cum
475 2392 519 2422 tu
544 2395 706 2436 argento
727 2383 838 2437 post
841 2385 977 2425 omnia
1001 2397 1152 2437 ponas,

164 2438 206 2480 Si
231 2453 350 2482 nemo
374 2442 526 2495 praestet
548 2458 665 2498 quem
691 2458 773 2487 non
794 2447 974 2488 merearis
998 2449 1198 2488 amorem?

164 2502 232 2549 An
252 2503 282 2546 fi
302 2518 520 2562 cognatos,
538 2508 652 2553 nullo
672 2521 811 2553 natura
828 2511 961 2554 labore
