1592 2898
287 272 863 320 AEPISTOLARUM
920 273 1049 320 Lm.
1098 273 1165 319 11.
1253 286 1337 336 271

89 378 260 429 Scimus,
280 378 322 420 δι
347 377 446 418 hanc
467 377 624 418 veniam
644 376 881 431 petimusque
904 375 1113 431 damusque
1129 375 1312 418 viciffim:

90 441 162 481 Sed
185 453 266 483 non
289 448 332 481 ut
351 438 505 491 placidis
524 449 663 478 coeam
683 438 864 487 immitia;
888 449 968 477 non
992 448 1037 477 ut

89 501 290 555 Serpentes
318 500 455 540 avibus
477 499 737 552 geminentur,
759 500 919 553 tigribus
941 500 1040 551 agni.

87 561 254 616 Inceptis
276 562 460 616 gravibus
486 561 712 615 plerumque
730 563 773 603 δι
793 574 931 616 magna
949 561 1129 615 profestis-

89 621 307 676 Purpureus
322 652 335 671 ‚
360 622 435 662 late
449 622 519 676 qui
540 620 755 675 splendeat,
782 636 882 663 unus
902 623 944 663 δι
969 623 1063 664 alter
1298 637 1340 680 15

89 681 263 723 Affuitur
292 694 461 735 pannus;
481 694 570 726 cum
595 682 703 723 lucus
733 683 775 723 δι
800 696 864 723 ara
887 683 1051 732 Dianae,

88 745 138 787 Et
159 743 398 797 properantis
418 756 528 797 aquae
557 756 624 796 per
646 756 824 785 amoenus
857 746 1019 785 ambitus
1045 759 1183 800 agros,

89 806 174 846 Aut
193 805 339 845 flumen
357 803 560 852 Rhenum,
587 817 654 846 aut
680 806 836 860 pluvius
862 807 1080 848 describitur
1104 822 1240 850 arcus:

89 867 162 908 Sed
184 878 287 907 nunc
311 877 392 906 non
419 876 500 905 erat
526 866 583 906 his
607 866 742 908 locus:
772 867 814 907 &
837 866 990 908 fortaffe
1012 870 1226 922 cupreffum

90 926 170 969 Scis
187 927 388 976 simulare3
417 928 510 981 quid
536 929 636 978 hoc,
660 928 690 968 fi
708 929 837 970 fraffis
856 941 984 971 enatat
1009 931 1143 984 exspes
1296 947 1347 976 20

11 1031 15 1034 ,
90 988 285 1036 Navibus,
310 1000 386 1027 aere
413 987 504 1028 dato
527 989 593 1041 qui
627 989 824 1042 pingitur?
852 990 1054 1044 Amphora
1079 994 1199 1047 coepit

90 1049 262 1098 Institui;
284 1059 461 1089 currente
482 1059 568 1089 rota
590 1062 662 1089 cur
683 1063 821 1091 urceus
843 1052 948 1092 exit?

89 1109 271 1162 Denique
291 1108 337 1149 fit
358 1110 464 1164 quod
491 1111 575 1158 vis,
600 1109 761 1165 simplex
782 1113 981 1152 dumtaxat
1009 1113 1050 1154 81
1077 1127 1214 1158 unum.

91 1173 268 1214 Maxima
291 1183 379 1224 pars
403 1183 538 1212 vatum
552 1201 564 1219 ‚
590 1182 719 1226 pater,
739 1173 782 1213 &
803 1173 968 1226 juvenes
987 1187 1094 1228 patre
1117 1178 1245 1232 digni,

89 1234 319 1289 Decipimur
346 1232 467 1287 specie
496 1233 614 1274 teeti:
635 1234 767 1274 brevis
792 1234 865 1275 effe
896 1235 1056 1284 laboro,
1297 1254 1347 1295 25

90 1295 290 1338 Obscurus
314 1293 391 1334 fio:
418 1294 618 1335 seaantem
640 1295 762 1346 levia,
792 1297 903 1337 nervi

30 1391 38 1401 ,.
89 1357 289 1398 Deficiunt
313 1357 527 1410 animique:
551 1356 737 1410 profeffus
758 1359 938 1411 grandia,
957 1369 1106 1414 turget:

89 1420 213 1474 Serpit
233 1419 338 1459 humi
359 1429 469 1465 tutus
497 1419 686 1468 nimium,
713 1419 937 1473 timidusque
961 1422 1152 1474 procellae.
1182 1439 1186 1443 ·

89 1481 176 1536 Qui
191 1482 347 1523 ‘variare
364 1482 471 1534 cupit
493 1493 573 1521 rem
597 1482 858 1534 prodigialiter
872 1490 1011 1531 unam}

0 1602 1 1618 χ
51 1541 53 1543 ’
88 1543 326 1596 Delphinum
342 1541 446 1582 silvis
467 1543 670 1595 appingit,
683 1542 862 1584 fluetibus
882 1556 1030 1597 aprum.
1299 1559 1351 1599 30

88 1603 133 1644 In
160 1604 300 1652 vitium
317 1604 420 1644 ducit
438 1603 562 1657 culpae
585 1602 700 1656 fuga,
727 1604 756 1643 si
779 1617 883 1645 ‹nr-et
907 1617 1000 1646 arte.

89 1665 288 1706 AEmilium
311 1665 414 1704 circa
436 1665 568 1704 ludum
590 1663 695 1705 faber
716 1667 819 1706 imus
845 1666 886 1706 δι
906 1679 1054 1721 ungues

87 1727 310 1780 Exprimet,
336 1725 378 1766 &
396 1726 531 1766 molles
560 1727 771 1774 imitabitur
799 1741 878 1768 aere
898 1729 1077 1783 capillos,

86 1787 222 1829 Infelix
240 1789 366 1842 operis
387 1787 557 1835 summa,
588 1789 846 1841 quiaponere
871 1802 1006 1831 totum

87 1849 259 1890 Nesciet:
292 1849 395 1889 hunc
413 1861 488 1902 ego
511 1862 592 1895 me,
613 1848 642 1888 st
664 1851 753 1902 quid
778 1863 1014 1904 componere
1033 1865 1188 1904 curem,
1294 1870 1343 1910 35

88 1912 181 1952 Non
199 1912 318 1965 magis
336 1910 410 1951 effe
430 1910 568 1957 velim,
593 1924 708 1964 quam
728 1925 852 1964 pravo
872 1913 1009 1953 vivere
1031 1914 1151 1962 naso,

87 1973 340 2028 Spessandum
360 1973 479 2026 nigris
498 1973 620 2013 oculis
635 1973 823 2026 nigroque
845 1976 1000 2029 capillo.

88 2036 234 2076 Sumite
258 2035 453 2075 materiam
472 2034 627 2081 vestris,
645 2037 715 2088 qui
737 2036 896 2077 scribitis
910 2067 925 2085 ,
956 2042 1107 2091 aequam
1132 2042 1145 2058 '⁴

88 2098 275 2145 Viribus,
299 2097 341 2138 δι
366 2095 514 2136 versate
536 2097 624 2144 diu,
648 2098 860 2150 ‘quid-ferre
882 2099 1081 2148 recusent,
1118 2119 1120 2122 ·

90 2158 201 2211 Quid
221 2158 372 2198 valeant
398 2159 546 2198 humeri
559 2175 567 2199 :
580 2160 656 2199 ‘'cui
679 2160 774 2199 lefla
791 2171 967 2213 potenter
988 2164 1060 2202 erit
1077 2175 1159 2209 res,
1292 2175 1346 2213 4ο

88 2221 172 2260 Nec
193 2217 371 2260 facundia
393 2220 537 2260 deseret
569 2221 788 2279 hunc‚‘nec
812 2220 960 2268 lucidus
990 2225 1101 2264 ordo.

88 2283 244 2324 Ordinis
268 2284 350 2324 haec
371 2285 493 2324 virtus
510 2285 580 2324 erit
604 2284 645 2324 δι
664 2288 817 2333 ἓνεηυς,
839 2297 907 2326 aut
930 2298 1005 2339 ego
1031 2287 1143 2328 fallor
1149 2296 1166 2336 ,‘

89 2347 145 2387 Ut
166 2346 243 2397 jam
261 2359 363 2386 nunc
387 2347 505 2392 dicat,
526 2345 604 2399 jam
630 2352 735 2387 n'unc
755 2349 927 2388 debentia
950 2350 1023 2389 dici

87 2407 271 2460 Pleraque
291 2406 460 2456 differat,
486 2408 527 2447 δι
552 2402 771 2460 praesens‘in
794 2421 942 2463 tempus
959 2413 1124 2452 omittat.
1163 2434 1167 2435 ν

87 2467 134 2506 In
160 2469 287 2508 verbis
311 2470 421 2508 etiam
443 2471 569 2510 tenuis
586 2470 794 2525 mutumne
813 2472 998 2526 serendis,
1148 2492 1150 2494 ·
1196 2493 1198 2495 >
1291 2488 1342 2530 45

88 2529 178 2569 Hoc
207 2540 330 2578 amet,
358 2530 434 2570 hoc
457 2529 798 2585 spernat-promisti
822 2530 999 2573 carminis
1022 2533 1166 2574 auROr.
1287 2533 1290 2534 ⁷
