<?xml version="1.0" encoding="UTF-8"?>
<!DOCTYPE html PUBLIC "-//W3C//DTD XHTML 1.0 Transitional//EN"
    "http://www.w3.org/TR/xhtml1/DTD/xhtml1-transitional.dtd">
<html xmlns="http://www.w3.org/1999/xhtml" xml:lang="en" lang="en">
 <head>
  <title>
</title>
<meta http-equiv="Content-Type" content="text/html;charset=utf-8" />
  <meta name='ocr-system' content='tesseract 3.04.00' />
  <meta name='ocr-capabilities' content='ocr_page ocr_carea ocr_par ocr_line ocrx_word'/>
</head>
<body>
  <div class='ocr_page' id='page_1' title='image "./operaadoptimased00horauoft_0293.png"; bbox 0 0 1592 2898; ppageno 0'>
   <div class='ocr_carea' id='block_1_1' title="bbox 288 222 1358 287">
    <p class='ocr_par' dir='ltr' id='par_1_1' title="bbox 288 222 1358 287">
     <span class='ocr_line' id='line_1_1' title="bbox 288 222 1358 287; baseline -0.007 -7.88"><span class='ocrx_word' id='word_1_1' title='bbox 288 226 795 279; x_wconf 81' lang='lat' dir='ltr'>SERMONUM</span> <span class='ocrx_word' id='word_1_2' title='bbox 846 222 1114 271; x_wconf 72' lang='lat' dir='ltr'>L113.11</span> <span class='ocrx_word' id='word_1_3' title='bbox 1267 222 1358 287; x_wconf 84' lang='lat'>189</span> 
     </span>
    </p>
   </div>
   <div class='ocr_carea' id='block_1_2' title="bbox 86 330 1363 450">
    <p class='ocr_par' dir='ltr' id='par_1_2' title="bbox 86 330 1363 450">
     <span class='ocr_line' id='line_1_2' title="bbox 86 330 1363 394; baseline -0.013 -13"><span class='ocrx_word' id='word_1_4' title='bbox 86 337 303 394; x_wconf 72' lang='lat' dir='ltr'>Impar-ihm</span> <span class='ocrx_word' id='word_1_5' title='bbox 326 336 467 378; x_wconf 79' lang='lat' dir='ltr'>formis</span> <span class='ocrx_word' id='word_1_6' title='bbox 487 336 690 390; x_wconf 76' lang='lat' dir='ltr'>deceptum</span> <span class='ocrx_word' id='word_1_7' title='bbox 713 343 754 373; x_wconf 89' lang='lat' dir='ltr'>te</span> <span class='ocrx_word' id='word_1_8' title='bbox 772 341 900 383; x_wconf 87' lang='lat' dir='ltr'>patet:</span> <span class='ocrx_word' id='word_1_9' title='bbox 925 330 1022 372; x_wconf 78' lang='lat' dir='ltr'>esto.</span> <span class='ocrx_word' id='word_1_10' title='bbox 1308 340 1363 382; x_wconf 82' lang='lat'>30</span> 
     </span>
     <span class='ocr_line' id='line_1_3' title="bbox 87 390 1181 450; baseline -0.012 -6"><span class='ocrx_word' id='word_1_11' title='bbox 87 402 204 444; x_wconf 86' lang='lat' dir='ltr'>Unde</span> <span class='ocrx_word' id='word_1_12' title='bbox 222 395 356 442; x_wconf 81' lang='lat' dir='ltr'>datum</span> <span class='ocrx_word' id='word_1_13' title='bbox 378 397 520 444; x_wconf 85' lang='lat' dir='ltr'>sentis,</span> <span class='ocrx_word' id='word_1_14' title='bbox 559 397 679 450; x_wconf 88' lang='lat' dir='ltr'>lupus</span> <span class='ocrx_word' id='word_1_15' title='bbox 696 395 758 436; x_wconf 87' lang='lat' dir='ltr'>hic</span> <span class='ocrx_word' id='word_1_16' title='bbox 777 393 1009 440; x_wconf 78' lang='lat' dir='ltr'>Tiberinus,</span> <span class='ocrx_word' id='word_1_17' title='bbox 1028 404 1079 432; x_wconf 88' lang='lat' dir='ltr'>an</span> <span class='ocrx_word' id='word_1_18' title='bbox 1100 390 1181 432; x_wconf 86' lang='lat' dir='ltr'>alto</span> 
     </span>
    </p>
   </div>
   <div class='ocr_carea' id='block_1_3' title="bbox 22 457 1108 520">
    <p class='ocr_par' dir='ltr' id='par_1_3' title="bbox 22 457 1108 520">
     <span class='ocr_line' id='line_1_4' title="bbox 22 457 1108 520; baseline -0.012 -10"><span class='ocrx_word' id='word_1_19' title='bbox 22 464 27 467; x_wconf 77' lang='grc'>’</span> <span class='ocrx_word' id='word_1_20' title='bbox 87 466 237 520; x_wconf 84' lang='lat' dir='ltr'>Captus</span> <span class='ocrx_word' id='word_1_21' title='bbox 247 466 358 512; x_wconf 80' lang='lat' dir='ltr'>hiet,</span> <span class='ocrx_word' id='word_1_22' title='bbox 382 462 597 518; x_wconf 84' lang='lat' dir='ltr'>pontesne&#39;</span> <span class='ocrx_word' id='word_1_23' title='bbox 586 472 687 502; x_wconf 87' lang='lat' dir='ltr'>mter</span> <span class='ocrx_word' id='word_1_24' title='bbox 708 459 895 512; x_wconf 68' lang='lat' dir='ltr'>jaaatus,</span> <span class='ocrx_word' id='word_1_25' title='bbox 912 470 963 497; x_wconf 89' lang='lat' dir='ltr'>an</span> <span class='ocrx_word' id='word_1_26' title='bbox 982 457 1108 499; x_wconf 83' lang='lat' dir='ltr'>amuis</span> 
     </span>
    </p>
   </div>
   <div class='ocr_carea' id='block_1_4' title="bbox 88 520 980 572">
    <p class='ocr_par' dir='ltr' id='par_1_4' title="bbox 88 520 980 572">
     <span class='ocr_line' id='line_1_5' title="bbox 88 520 980 572; baseline -0.016 0"><span class='ocrx_word' id='word_1_27' title='bbox 88 527 200 572; x_wconf 70' lang='lat' dir='ltr'>Ostia</span> <span class='ocrx_word' id='word_1_28' title='bbox 219 527 291 569; x_wconf 85' lang='lat' dir='ltr'>sub</span> <span class='ocrx_word' id='word_1_29' title='bbox 308 525 459 568; x_wconf 71' lang='lat' dir='ltr'>Tusci?</span> <span class='ocrx_word' id='word_1_30' title='bbox 484 524 615 565; x_wconf 75' lang='lat' dir='ltr'>laudas</span> <span class='ocrx_word' id='word_1_31' title='bbox 642 521 772 562; x_wconf 82' lang='lat' dir='ltr'>insane</span> <span class='ocrx_word' id='word_1_32' title='bbox 794 520 980 560; x_wconf 71' lang='lat' dir='ltr'>trilibrem</span> 
     </span>
    </p>
   </div>
   <div class='ocr_carea' id='block_1_5' title="bbox 0 578 1306 641">
    <p class='ocr_par' dir='ltr' id='par_1_5' title="bbox 0 578 1306 641">
     <span class='ocr_line' id='line_1_6' title="bbox 0 578 1306 641; baseline -0.01 -9"><span class='ocrx_word' id='word_1_33' title='bbox 0 606 2 609; x_wconf 90' lang='lat'><em>·</em></span> <span class='ocrx_word' id='word_1_34' title='bbox 88 589 284 639; x_wconf 67' lang='lat' dir='ltr'>mallim,</span> <span class='ocrx_word' id='word_1_35' title='bbox 305 589 346 629; x_wconf 87' lang='lat' dir='ltr'>in</span> <span class='ocrx_word' id='word_1_36' title='bbox 368 586 517 641; x_wconf 87' lang='lat' dir='ltr'>fingula</span> <span class='ocrx_word' id='word_1_37' title='bbox 537 598 656 638; x_wconf 87' lang='lat' dir='ltr'>quem</span> <span class='ocrx_word' id='word_1_38' title='bbox 677 584 830 625; x_wconf 85' lang='lat' dir='ltr'>minuas</span> <span class='ocrx_word' id='word_1_39' title='bbox 848 580 1047 634; x_wconf 83' lang='lat' dir='ltr'>pulmenta</span> <span class='ocrx_word' id='word_1_40' title='bbox 1069 578 1219 620; x_wconf 82' lang='lat' dir='ltr'>neceffe</span> <span class='ocrx_word' id='word_1_41' title='bbox 1240 578 1306 621; x_wconf 82' lang='lat' dir='ltr'>est.</span> 
     </span>
    </p>
   </div>
   <div class='ocr_carea' id='block_1_6' title="bbox 90 644 1360 702">
    <p class='ocr_par' dir='ltr' id='par_1_6' title="bbox 90 644 1360 702">
     <span class='ocr_line' id='line_1_7' title="bbox 90 644 1360 702; baseline -0.013 -11"><span class='ocrx_word' id='word_1_42' title='bbox 90 648 217 691; x_wconf 86' lang='lat' dir='ltr'>Ducit</span> <span class='ocrx_word' id='word_1_43' title='bbox 240 647 466 702; x_wconf 76' lang='lat' dir='ltr'>respecies,</span> <span class='ocrx_word' id='word_1_44' title='bbox 487 647 632 687; x_wconf 86' lang='lat' dir='ltr'>video:</span> <span class='ocrx_word' id='word_1_45' title='bbox 657 657 741 698; x_wconf 88' lang='lat' dir='ltr'>quo</span> <span class='ocrx_word' id='word_1_46' title='bbox 770 644 934 696; x_wconf 80' lang='lat' dir='ltr'>pertinet</span> <span class='ocrx_word' id='word_1_47' title='bbox 953 652 1077 694; x_wconf 77' lang='lat' dir='ltr'>ergo,</span> <span class='ocrx_word' id='word_1_48' title='bbox 1309 651 1360 694; x_wconf 77' lang='lat'>35</span> 
     </span>
    </p>
   </div>
   <div class='ocr_carea' id='block_1_7' title="bbox 6 702 944 762">
    <p class='ocr_par' dir='ltr' id='par_1_7' title="bbox 6 702 944 762">
     <span class='ocr_line' id='line_1_8' title="bbox 6 702 944 762; baseline -0.012 -9"><span class='ocrx_word' id='word_1_49' title='bbox 6 733 11 736; x_wconf 56' lang='lat'>&gt;</span> <span class='ocrx_word' id='word_1_50' title='bbox 89 709 283 752; x_wconf 76' lang='lat' dir='ltr'>Procerus</span> <span class='ocrx_word' id='word_1_51' title='bbox 302 708 423 750; x_wconf 80' lang='lat' dir='ltr'>odiffe</span> <span class='ocrx_word' id='word_1_52' title='bbox 439 706 578 762; x_wconf 79' lang='lat' dir='ltr'>lupos?</span> <span class='ocrx_word' id='word_1_53' title='bbox 596 706 688 761; x_wconf 84' lang='lat' dir='ltr'>quia</span> <span class='ocrx_word' id='word_1_54' title='bbox 705 704 848 745; x_wconf 81' lang='lat' dir='ltr'>scilicet</span> <span class='ocrx_word' id='word_1_55' title='bbox 871 702 944 743; x_wconf 88' lang='lat' dir='ltr'>illis</span> 
     </span>
    </p>
   </div>
   <div class='ocr_carea' id='block_1_8' title="bbox 90 762 1179 885">
    <p class='ocr_par' dir='ltr' id='par_1_8' title="bbox 90 762 1179 885">
     <span class='ocr_line' id='line_1_9' title="bbox 90 762 1179 824; baseline -0.01 -11"><span class='ocrx_word' id='word_1_56' title='bbox 90 762 287 824; x_wconf 79' lang='lat' dir='ltr'>Maiorem</span> <span class='ocrx_word' id='word_1_57' title='bbox 312 781 450 812; x_wconf 84' lang='lat' dir='ltr'>natura</span> <span class='ocrx_word' id='word_1_58' title='bbox 469 768 629 809; x_wconf 87' lang='lat' dir='ltr'>modum</span> <span class='ocrx_word' id='word_1_59' title='bbox 649 765 775 815; x_wconf 82' lang='lat' dir='ltr'>dedit,</span> <span class='ocrx_word' id='word_1_60' title='bbox 795 765 854 804; x_wconf 78' lang='lat' dir='ltr'>his</span> <span class='ocrx_word' id='word_1_61' title='bbox 877 763 999 804; x_wconf 88' lang='lat' dir='ltr'>breve</span> <span class='ocrx_word' id='word_1_62' title='bbox 1013 762 1179 817; x_wconf 74' lang='lat' dir='ltr'>pondus,</span> 
     </span>
     <span class='ocr_line' id='line_1_10' title="bbox 91 826 979 885; baseline -0.01 -12"><span class='ocrx_word' id='word_1_63' title='bbox 91 832 259 885; x_wconf 84' lang='lat' dir='ltr'>Jejunus</span> <span class='ocrx_word' id='word_1_64' title='bbox 277 845 364 873; x_wconf 87' lang='lat' dir='ltr'>rare</span> <span class='ocrx_word' id='word_1_65' title='bbox 385 830 605 872; x_wconf 76' lang='lat' dir='ltr'>stomachus</span> <span class='ocrx_word' id='word_1_66' title='bbox 625 828 805 885; x_wconf 75' lang='lat' dir='ltr'>vulgaria</span> <span class='ocrx_word' id='word_1_67' title='bbox 828 826 979 866; x_wconf 85' lang='lat' dir='ltr'>temnit.</span> 
     </span>
    </p>
   </div>
   <div class='ocr_carea' id='block_1_9' title="bbox 7 877 1027 947">
    <p class='ocr_par' dir='ltr' id='par_1_9' title="bbox 7 877 1027 947">
     <span class='ocr_line' id='line_1_11' title="bbox 7 877 1027 947; baseline -0.01 -11"><span class='ocrx_word' id='word_1_68' title='bbox 7 911 13 918; x_wconf 79' lang='grc'><em>·</em></span> <span class='ocrx_word' id='word_1_69' title='bbox 92 893 318 936; x_wconf 67' lang='lat' dir='ltr'>romaum</span> <span class='ocrx_word' id='word_1_70' title='bbox 338 905 483 947; x_wconf 71' lang='lat' dir='ltr'>magiio</span> <span class='ocrx_word' id='word_1_71' title='bbox 498 903 680 944; x_wconf 83' lang='lat' dir='ltr'>magnum</span> <span class='ocrx_word' id='word_1_72' title='bbox 702 877 875 943; x_wconf 65' lang='lat' dir='ltr'>spestare</span> <span class='ocrx_word' id='word_1_73' title='bbox 895 888 1027 928; x_wconf 85' lang='lat' dir='ltr'>catino</span> 
     </span>
    </p>
   </div>
   <div class='ocr_carea' id='block_1_10' title="bbox 93 949 1368 1319">
    <p class='ocr_par' dir='ltr' id='par_1_10' title="bbox 93 949 1368 1192">
     <span class='ocr_line' id='line_1_12' title="bbox 93 949 1368 1022; baseline -0.007 -26"><span class='ocrx_word' id='word_1_74' title='bbox 93 955 278 1004; x_wconf 85' lang='lat' dir='ltr'>Vellem,</span> <span class='ocrx_word' id='word_1_75' title='bbox 298 955 352 995; x_wconf 85' lang='lat' dir='ltr'>ait</span> <span class='ocrx_word' id='word_1_76' title='bbox 372 954 560 1007; x_wconf 79' lang='lat' dir='ltr'>Harpyiis</span> <span class='ocrx_word' id='word_1_77' title='bbox 581 953 671 1022; x_wconf 75' lang='lat' dir='ltr'>gula</span> <span class='ocrx_word' id='word_1_78' title='bbox 687 953 802 1004; x_wconf 84' lang='lat' dir='ltr'>digna</span> <span class='ocrx_word' id='word_1_79' title='bbox 819 949 1044 1004; x_wconf 78' lang='lat' dir='ltr'>rapacibus:</span> <span class='ocrx_word' id='word_1_80' title='bbox 1062 960 1102 989; x_wconf 90' lang='lat' dir='ltr'>at</span> <span class='ocrx_word' id='word_1_81' title='bbox 1120 961 1222 995; x_wconf 85' lang='lat' dir='ltr'>vos,</span> <span class='ocrx_word' id='word_1_82' title='bbox 1312 959 1368 998; x_wconf 73' lang='lat'>40</span> 
     </span>
     <span class='ocr_line' id='line_1_13' title="bbox 97 1011 1237 1067; baseline -0.007 -10"><span class='ocrx_word' id='word_1_83' title='bbox 97 1015 311 1058; x_wconf 77' lang='lat' dir='ltr'>Praesentes</span> <span class='ocrx_word' id='word_1_84' title='bbox 330 1013 487 1063; x_wconf 78' lang='lat' dir='ltr'>Austri,</span> <span class='ocrx_word' id='word_1_85' title='bbox 505 1015 666 1067; x_wconf 86' lang='lat' dir='ltr'>coquite</span> <span class='ocrx_word' id='word_1_86' title='bbox 678 1013 823 1052; x_wconf 86' lang='lat' dir='ltr'>horum</span> <span class='ocrx_word' id='word_1_87' title='bbox 838 1011 1026 1052; x_wconf 83' lang='lat' dir='ltr'>obsonia:</span> <span class='ocrx_word' id='word_1_88' title='bbox 1051 1011 1237 1064; x_wconf 83' lang='lat' dir='ltr'>quamvis</span> 
     </span>
     <span class='ocr_line' id='line_1_14' title="bbox 95 1074 1219 1131; baseline -0.005 -12"><span class='ocrx_word' id='word_1_89' title='bbox 95 1078 210 1119; x_wconf 86' lang='lat' dir='ltr'>Putet</span> <span class='ocrx_word' id='word_1_90' title='bbox 226 1090 318 1131; x_wconf 88' lang='lat' dir='ltr'>aper</span> <span class='ocrx_word' id='word_1_91' title='bbox 338 1075 600 1128; x_wconf 85' lang='lat' dir='ltr'>rhombusque</span> <span class='ocrx_word' id='word_1_92' title='bbox 615 1087 776 1122; x_wconf 88' lang='lat' dir='ltr'>recens,</span> <span class='ocrx_word' id='word_1_93' title='bbox 800 1074 901 1114; x_wconf 87' lang='lat' dir='ltr'>mala</span> <span class='ocrx_word' id='word_1_94' title='bbox 922 1076 1038 1127; x_wconf 87' lang='lat' dir='ltr'>copia</span> <span class='ocrx_word' id='word_1_95' title='bbox 1058 1075 1219 1127; x_wconf 87' lang='lat' dir='ltr'>quando</span> 
     </span>
     <span class='ocr_line' id='line_1_15' title="bbox 96 1135 1172 1192; baseline -0.004 -12"><span class='ocrx_word' id='word_1_96' title='bbox 96 1140 260 1192; x_wconf 82' lang='lat' dir='ltr'>AEgrum</span> <span class='ocrx_word' id='word_1_97' title='bbox 283 1136 456 1178; x_wconf 83' lang='lat' dir='ltr'>sollicitat</span> <span class='ocrx_word' id='word_1_98' title='bbox 477 1135 745 1185; x_wconf 83' lang='lat' dir='ltr'>stomachum,</span> <span class='ocrx_word' id='word_1_99' title='bbox 733 1151 743 1159; x_wconf 92' lang='lat'>·</span> <span class='ocrx_word' id='word_1_100' title='bbox 765 1149 859 1177; x_wconf 90' lang='lat' dir='ltr'>cum</span> <span class='ocrx_word' id='word_1_101' title='bbox 880 1136 1015 1187; x_wconf 84' lang='lat' dir='ltr'>rapula</span> <span class='ocrx_word' id='word_1_102' title='bbox 1033 1136 1172 1188; x_wconf 83' lang='lat' dir='ltr'>plenus</span> 
     </span>
    </p>

    <p class='ocr_par' dir='ltr' id='par_1_11' title="bbox 95 1196 1364 1316">
     <span class='ocr_line' id='line_1_16' title="bbox 95 1196 1189 1254; baseline -0.005 -12"><span class='ocrx_word' id='word_1_103' title='bbox 95 1201 232 1254; x_wconf 76' lang='lat' dir='ltr'>Atque</span> <span class='ocrx_word' id='word_1_104' title='bbox 250 1199 373 1240; x_wconf 80' lang='lat' dir='ltr'>acidas</span> <span class='ocrx_word' id='word_1_105' title='bbox 389 1199 538 1239; x_wconf 86' lang='lat' dir='ltr'>mavult</span> <span class='ocrx_word' id='word_1_106' title='bbox 557 1197 696 1238; x_wconf 86' lang='lat' dir='ltr'>inulas.</span> <span class='ocrx_word' id='word_1_107' title='bbox 715 1196 890 1238; x_wconf 86' lang='lat' dir='ltr'>Necdum</span> <span class='ocrx_word' id='word_1_108' title='bbox 910 1197 1039 1237; x_wconf 84' lang='lat' dir='ltr'>omnis</span> <span class='ocrx_word' id='word_1_109' title='bbox 1055 1196 1189 1237; x_wconf 59' lang='lat' dir='ltr'>ahaua</span> 
     </span>
     <span class='ocr_line' id='line_1_17' title="bbox 98 1258 1364 1319; baseline -0.005 -16"><span class='ocrx_word' id='word_1_110' title='bbox 98 1261 310 1319; x_wconf 76' lang='lat' dir='ltr'>Pauperies</span> <span class='ocrx_word' id='word_1_111' title='bbox 330 1259 453 1313; x_wconf 88' lang='lat' dir='ltr'>epulis</span> <span class='ocrx_word' id='word_1_112' title='bbox 475 1262 632 1314; x_wconf 78' lang='lat' dir='ltr'>regum:</span> <span class='ocrx_word' id='word_1_113' title='bbox 654 1271 743 1301; x_wconf 89' lang='lat' dir='ltr'>nam</span> <span class='ocrx_word' id='word_1_114' title='bbox 764 1258 905 1299; x_wconf 86' lang='lat' dir='ltr'>vilibus</span> <span class='ocrx_word' id='word_1_115' title='bbox 925 1258 1017 1299; x_wconf 85' lang='lat' dir='ltr'>ovis</span> <span class='ocrx_word' id='word_1_116' title='bbox 1313 1268 1364 1312; x_wconf 82' lang='lat'>45</span> 
     </span>
    </p>
   </div>
   <div class='ocr_carea' id='block_1_11' title="bbox 33 1317 1149 1376">
    <p class='ocr_par' dir='ltr' id='par_1_12' title="bbox 33 1317 1149 1376">
     <span class='ocr_line' id='line_1_18' title="bbox 33 1317 1149 1376; baseline -0.004 -13"><span class='ocrx_word' id='word_1_117' title='bbox 33 1321 39 1326; x_wconf 77' lang='grc'><em>’</em></span> <span class='ocrx_word' id='word_1_118' title='bbox 84 1321 308 1376; x_wconf 83' lang='lat' dir='ltr'>-Nigrisque</span> <span class='ocrx_word' id='word_1_119' title='bbox 326 1319 381 1361; x_wconf 81' lang='lat' dir='ltr'>est</span> <span class='ocrx_word' id='word_1_120' title='bbox 398 1319 498 1360; x_wconf 87' lang='lat' dir='ltr'>oleis</span> <span class='ocrx_word' id='word_1_121' title='bbox 516 1319 632 1360; x_wconf 87' lang='lat' dir='ltr'>hodie</span> <span class='ocrx_word' id='word_1_122' title='bbox 653 1318 775 1359; x_wconf 85' lang='lat' dir='ltr'>locus.</span> <span class='ocrx_word' id='word_1_123' title='bbox 794 1318 938 1358; x_wconf 83' lang='lat' dir='ltr'>Haud</span> <span class='ocrx_word' id='word_1_124' title='bbox 928 1330 981 1358; x_wconf 78' lang='lat' dir='ltr'>tta</span> <span class='ocrx_word' id='word_1_125' title='bbox 1001 1317 1149 1371; x_wconf 81' lang='lat' dir='ltr'>pridem</span> 
     </span>
    </p>
   </div>
   <div class='ocr_carea' id='block_1_12' title="bbox 97 1378 1229 1556">
    <p class='ocr_par' dir='ltr' id='par_1_13' title="bbox 97 1378 1224 1556">
     <span class='ocr_line' id='line_1_19' title="bbox 98 1378 972 1437; baseline -0.006 -13"><span class='ocrx_word' id='word_1_126' title='bbox 98 1383 263 1426; x_wconf 81' lang='lat' dir='ltr'>Galloni</span> <span class='ocrx_word' id='word_1_127' title='bbox 283 1383 475 1437; x_wconf 80' lang='lat' dir='ltr'>praeoenis</span> <span class='ocrx_word' id='word_1_128' title='bbox 494 1392 576 1422; x_wconf 87' lang='lat' dir='ltr'>erat</span> <span class='ocrx_word' id='word_1_129' title='bbox 598 1378 817 1434; x_wconf 82' lang='lat' dir='ltr'>acipensere</span> <span class='ocrx_word' id='word_1_130' title='bbox 842 1378 972 1420; x_wconf 75' lang='lat' dir='ltr'>merisa</span> 
     </span>
     <span class='ocr_line' id='line_1_20' title="bbox 98 1441 1229 1498; baseline -0.003 -13"><span class='ocrx_word' id='word_1_131' title='bbox 98 1443 281 1486; x_wconf 71' lang='lat' dir='ltr'>Infimis:</span> <span class='ocrx_word' id='word_1_132' title='bbox 306 1444 426 1498; x_wconf 85' lang='lat' dir='ltr'>quid?</span> <span class='ocrx_word' id='word_1_133' title='bbox 445 1456 531 1483; x_wconf 89' lang='lat' dir='ltr'>tum</span> <span class='ocrx_word' id='word_1_134' title='bbox 554 1443 745 1483; x_wconf 82' lang='lat' dir='ltr'>rhombos</span> <span class='ocrx_word' id='word_1_135' title='bbox 770 1443 897 1482; x_wconf 85' lang='lat' dir='ltr'>minus</span> <span class='ocrx_word' id='word_1_136' title='bbox 918 1454 1057 1495; x_wconf 78' lang='lat' dir='ltr'>aequot</span> <span class='ocrx_word' id='word_1_137' title='bbox 1077 1441 1229 1484; x_wconf 79' lang='lat' dir='ltr'>alebat.</span> 
     </span>
     <span class='ocr_line' id='line_1_21' title="bbox 97 1503 1073 1556; baseline -0.002 -10"><span class='ocrx_word' id='word_1_138' title='bbox 97 1504 230 1547; x_wconf 79' lang='lat' dir='ltr'>Tutus</span> <span class='ocrx_word' id='word_1_139' title='bbox 253 1515 336 1545; x_wconf 83' lang='lat' dir='ltr'>erat</span> <span class='ocrx_word' id='word_1_140' title='bbox 358 1504 580 1552; x_wconf 83' lang='lat' dir='ltr'>rhombus,</span> <span class='ocrx_word' id='word_1_141' title='bbox 597 1515 764 1556; x_wconf 83' lang='lat' dir='ltr'>tutoque</span> <span class='ocrx_word' id='word_1_142' title='bbox 784 1503 935 1544; x_wconf 85' lang='lat' dir='ltr'>ciconia</span> <span class='ocrx_word' id='word_1_143' title='bbox 956 1503 1073 1551; x_wconf 86' lang='lat' dir='ltr'>nido,</span> 
     </span>
    </p>
   </div>
   <div class='ocr_carea' id='block_1_13' title="bbox 97 1564 1373 1742">
    <p class='ocr_par' dir='ltr' id='par_1_14' title="bbox 97 1564 1373 1742">
     <span class='ocr_line' id='line_1_22' title="bbox 97 1564 1373 1621; baseline -0.004 -14"><span class='ocrx_word' id='word_1_144' title='bbox 97 1564 244 1607; x_wconf 85' lang='lat' dir='ltr'>Donec</span> <span class='ocrx_word' id='word_1_145' title='bbox 269 1579 347 1607; x_wconf 83' lang='lat' dir='ltr'>vos</span> <span class='ocrx_word' id='word_1_146' title='bbox 368 1566 508 1606; x_wconf 63' lang='lat' dir='ltr'>auam·</span> <span class='ocrx_word' id='word_1_147' title='bbox 531 1565 665 1607; x_wconf 88' lang='lat' dir='ltr'>docuit</span> <span class='ocrx_word' id='word_1_148' title='bbox 690 1565 909 1619; x_wconf 81' lang='lat' dir='ltr'>praerorius.</span> <span class='ocrx_word' id='word_1_149' title='bbox 928 1564 1034 1617; x_wconf 80' lang='lat' dir='ltr'>Ergo</span> <span class='ocrx_word' id='word_1_150' title='bbox 1320 1579 1373 1621; x_wconf 80' lang='lat'>50</span> 
     </span>
     <span class='ocr_line' id='line_1_23' title="bbox 98 1625 1287 1682; baseline -0.001 -15"><span class='ocrx_word' id='word_1_151' title='bbox 98 1626 141 1668; x_wconf 86' lang='lat' dir='ltr'>Si</span> <span class='ocrx_word' id='word_1_152' title='bbox 157 1629 245 1682; x_wconf 85' lang='lat' dir='ltr'>quis</span> <span class='ocrx_word' id='word_1_153' title='bbox 262 1640 366 1668; x_wconf 86' lang='lat' dir='ltr'>nuuc</span> <span class='ocrx_word' id='word_1_154' title='bbox 383 1640 539 1680; x_wconf 84' lang='lat' dir='ltr'>mergos</span> <span class='ocrx_word' id='word_1_155' title='bbox 562 1627 704 1668; x_wconf 84' lang='lat' dir='ltr'>suaves</span> <span class='ocrx_word' id='word_1_156' title='bbox 726 1627 887 1668; x_wconf 83' lang='lat' dir='ltr'>edixerit</span> <span class='ocrx_word' id='word_1_157' title='bbox 912 1625 1014 1667; x_wconf 82' lang='lat' dir='ltr'>affos</span> <span class='ocrx_word' id='word_1_158' title='bbox 1026 1657 1042 1675; x_wconf 87' lang='lat'><em>‚</em></span> <span class='ocrx_word' id='word_1_159' title='bbox 1284 1628 1287 1631; x_wconf 86' lang='lat'>&#39;</span> 
     </span>
     <span class='ocr_line' id='line_1_24' title="bbox 98 1687 954 1742; baseline -0.002 -12"><span class='ocrx_word' id='word_1_160' title='bbox 98 1688 252 1730; x_wconf 79' lang='lat' dir='ltr'>Parebit</span> <span class='ocrx_word' id='word_1_161' title='bbox 273 1690 386 1742; x_wconf 87' lang='lat' dir='ltr'>pravi</span> <span class='ocrx_word' id='word_1_162' title='bbox 405 1689 537 1729; x_wconf 84' lang='lat' dir='ltr'>docilis</span> <span class='ocrx_word' id='word_1_163' title='bbox 555 1689 735 1728; x_wconf 86' lang='lat' dir='ltr'>Romana</span> <span class='ocrx_word' id='word_1_164' title='bbox 754 1687 954 1740; x_wconf 86' lang='lat' dir='ltr'>juventus.</span> 
     </span>
    </p>
   </div>
   <div class='ocr_carea' id='block_1_14' title="bbox 100 1748 931 1796">
    <p class='ocr_par' dir='ltr' id='par_1_15' title="bbox 14 1748 931 1801">
     <span class='ocr_line' id='line_1_25' title="bbox 100 1748 931 1796; baseline -0.001 -6.094"><span class='ocrx_word' id='word_1_165' title='bbox 100 1749 284 1792; x_wconf 84' lang='lat' dir='ltr'>Sordidus</span> <span class='ocrx_word' id='word_1_166' title='bbox 302 1763 327 1790; x_wconf 90' lang='lat' dir='ltr'>a</span> <span class='ocrx_word' id='word_1_167' title='bbox 347 1750 455 1790; x_wconf 87' lang='lat' dir='ltr'>tenui</span> <span class='ocrx_word' id='word_1_168' title='bbox 477 1749 586 1790; x_wconf 74' lang='grc' dir='ltr'>νίἃιι</span> <span class='ocrx_word' id='word_1_169' title='bbox 604 1749 779 1796; x_wconf 80' lang='lat' dir='ltr'>distabit,</span> <span class='ocrx_word' id='word_1_170' title='bbox 793 1748 931 1790; x_wconf 82' lang='lat' dir='ltr'>Ofello</span> 
     </span>
    </p>
   </div>
   <div class='ocr_carea' id='block_1_15' title="bbox 100 1811 1375 2359">
    <p class='ocr_par' dir='ltr' id='par_1_16' title="bbox 100 1811 1301 1861">
     <span class='ocr_line' id='line_1_26' title="bbox 100 1811 1301 1861; baseline -0.002 -7"><span class='ocrx_word' id='word_1_171' title='bbox 100 1813 258 1855; x_wconf 81' lang='lat' dir='ltr'>Judioe·</span> <span class='ocrx_word' id='word_1_172' title='bbox 279 1826 371 1853; x_wconf 86' lang='lat' dir='ltr'>uam</span> <span class='ocrx_word' id='word_1_173' title='bbox 395 1812 532 1853; x_wconf 65' lang='lat' dir='ltr'>flustra</span> <span class='ocrx_word' id='word_1_174' title='bbox 557 1813 697 1853; x_wconf 87' lang='lat' dir='ltr'>vitium</span> <span class='ocrx_word' id='word_1_175' title='bbox 718 1813 907 1853; x_wconf 83' lang='lat' dir='ltr'>vitaveris</span> <span class='ocrx_word' id='word_1_176' title='bbox 933 1811 1052 1861; x_wconf 86' lang='lat' dir='ltr'>illud,</span> <span class='ocrx_word' id='word_1_177' title='bbox 1296 1834 1301 1838; x_wconf 62' lang='lat'>&gt;</span> 
     </span>
    </p>

    <p class='ocr_par' dir='ltr' id='par_1_17' title="bbox 102 1873 1372 2052">
     <span class='ocr_line' id='line_1_27' title="bbox 102 1873 1372 1931; baseline -0.004 -15"><span class='ocrx_word' id='word_1_178' title='bbox 102 1874 147 1916; x_wconf 86' lang='lat' dir='ltr'>si</span> <span class='ocrx_word' id='word_1_179' title='bbox 166 1885 207 1915; x_wconf 92' lang='lat' dir='ltr'>te</span> <span class='ocrx_word' id='word_1_180' title='bbox 229 1874 309 1916; x_wconf 84' lang='lat' dir='ltr'>alio</span> <span class='ocrx_word' id='word_1_181' title='bbox 329 1887 496 1927; x_wconf 84' lang='lat' dir='ltr'>pravum</span> <span class='ocrx_word' id='word_1_182' title='bbox 520 1874 734 1914; x_wconf 86' lang='lat' dir='ltr'>detorseris.</span> <span class='ocrx_word' id='word_1_183' title='bbox 762 1873 999 1921; x_wconf 81' lang='lat' dir='ltr'>Avidieuus‚</span> <span class='ocrx_word' id='word_1_184' title='bbox 1324 1889 1372 1931; x_wconf 74' lang='lat'>55</span> 
     </span>
     <span class='ocr_line' id='line_1_28' title="bbox 103 1932 1164 1987; baseline 0 -11"><span class='ocrx_word' id='word_1_185' title='bbox 103 1932 180 1976; x_wconf 84' lang='lat' dir='ltr'>cui</span> <span class='ocrx_word' id='word_1_186' title='bbox 199 1934 319 1976; x_wconf 85' lang='lat' dir='ltr'>Canis</span> <span class='ocrx_word' id='word_1_187' title='bbox 337 1947 389 1974; x_wconf 80' lang='lat' dir='ltr'>ex</span> <span class='ocrx_word' id='word_1_188' title='bbox 412 1947 513 1975; x_wconf 85' lang='lat' dir='ltr'>vero</span> <span class='ocrx_word' id='word_1_189' title='bbox 535 1934 695 1975; x_wconf 61' lang='lat' dir='ltr'>dueum</span> <span class='ocrx_word' id='word_1_190' title='bbox 720 1946 946 1987; x_wconf 80' lang='lat' dir='ltr'>cognomen</span> <span class='ocrx_word' id='word_1_191' title='bbox 969 1933 1164 1984; x_wconf 73' lang='lat' dir='ltr'>adhaeret,</span> 
     </span>
     <span class='ocr_line' id='line_1_29' title="bbox 104 1988 1055 2052; baseline -0.003 -14"><span class='ocrx_word' id='word_1_192' title='bbox 104 1997 394 2052; x_wconf 73' lang='lat' dir='ltr'>Quinquennes</span> <span class='ocrx_word' id='word_1_193' title='bbox 412 1998 520 2039; x_wconf 65' lang='lat' dir='ltr'>oleas</span> <span class='ocrx_word' id='word_1_194' title='bbox 539 1997 619 2045; x_wconf 83' lang='lat' dir='ltr'>est,</span> <span class='ocrx_word' id='word_1_195' title='bbox 642 1998 685 2039; x_wconf 81' lang='grc' dir='ltr'>δι</span> <span class='ocrx_word' id='word_1_196' title='bbox 704 1988 886 2037; x_wconf 76' lang='lat' dir='ltr'>filvessr&#39;n</span> <span class='ocrx_word' id='word_1_197' title='bbox 910 2009 1055 2045; x_wconf 80' lang='lat' dir='ltr'>corna3</span> 
     </span>
    </p>

    <p class='ocr_par' dir='ltr' id='par_1_18' title="bbox 103 2058 1162 2112">
     <span class='ocr_line' id='line_1_30' title="bbox 103 2058 1162 2112; baseline 0.002 -12"><span class='ocrx_word' id='word_1_198' title='bbox 103 2060 191 2108; x_wconf 79' lang='lat' dir='ltr'>Ac,</span> <span class='ocrx_word' id='word_1_199' title='bbox 214 2059 283 2100; x_wconf 74' lang='lat' dir='ltr'>nisi</span> <span class='ocrx_word' id='word_1_200' title='bbox 309 2071 525 2108; x_wconf 81' lang='lat' dir='ltr'>mutatum,</span> <span class='ocrx_word' id='word_1_201' title='bbox 547 2061 670 2112; x_wconf 86' lang='lat' dir='ltr'>parcit</span> <span class='ocrx_word' id='word_1_202' title='bbox 692 2058 901 2102; x_wconf 80' lang='lat' dir='ltr'>defundere</span> <span class='ocrx_word' id='word_1_203' title='bbox 924 2059 1090 2108; x_wconf 85' lang='lat' dir='ltr'>vinum;</span> <span class='ocrx_word' id='word_1_204' title='bbox 1117 2061 1162 2102; x_wconf 81' lang='grc' dir='ltr'>δι</span> 
     </span>
    </p>

    <p class='ocr_par' dir='ltr' id='par_1_19' title="bbox 102 2119 1093 2174">
     <span class='ocr_line' id='line_1_31' title="bbox 102 2119 1093 2174; baseline 0 -13"><span class='ocrx_word' id='word_1_205' title='bbox 102 2119 232 2172; x_wconf 81' lang='lat' dir='ltr'>Cujus</span> <span class='ocrx_word' id='word_1_206' title='bbox 246 2121 411 2169; x_wconf 79' lang='lat' dir='ltr'>odorem</span> <span class='ocrx_word' id='word_1_207' title='bbox 428 2122 506 2162; x_wconf 80' lang='lat' dir='ltr'>olei</span> <span class='ocrx_word' id='word_1_208' title='bbox 524 2133 696 2173; x_wconf 82' lang='lat' dir='ltr'>nequeas</span> <span class='ocrx_word' id='word_1_209' title='bbox 718 2119 914 2174; x_wconf 83' lang='lat' dir='ltr'>perferre,</span> <span class='ocrx_word' id='word_1_210' title='bbox 934 2120 1093 2174; x_wconf 81' lang='lat' dir='ltr'>(licebit</span> 
     </span>
    </p>

    <p class='ocr_par' dir='ltr' id='par_1_20' title="bbox 104 2179 1375 2296">
     <span class='ocr_line' id='line_1_32' title="bbox 104 2179 1375 2234; baseline 0.001 -14"><span class='ocrx_word' id='word_1_211' title='bbox 104 2179 179 2221; x_wconf 86' lang='lat' dir='ltr'>lue</span> <span class='ocrx_word' id='word_1_212' title='bbox 199 2181 347 2234; x_wconf 86' lang='lat' dir='ltr'>repotia</span> <span class='ocrx_word' id='word_1_213' title='bbox 360 2211 374 2229; x_wconf 82' lang='lat'><strong>,</strong></span> <span class='ocrx_word' id='word_1_214' title='bbox 393 2181 564 2229; x_wconf 77' lang='lat' dir='ltr'>natales,</span> <span class='ocrx_word' id='word_1_215' title='bbox 585 2180 735 2222; x_wconf 83' lang='lat' dir='ltr'>aliosve</span> <span class='ocrx_word' id='word_1_216' title='bbox 756 2181 907 2222; x_wconf 85' lang='lat' dir='ltr'>dierum</span> <span class='ocrx_word' id='word_1_217' title='bbox 1321 2185 1375 2226; x_wconf 83' lang='lat'>60</span> 
     </span>
     <span class='ocr_line' id='line_1_33' title="bbox 105 2239 1013 2296; baseline 0.006 -16"><span class='ocrx_word' id='word_1_218' title='bbox 105 2239 240 2281; x_wconf 78' lang='lat' dir='ltr'>Festos</span> <span class='ocrx_word' id='word_1_219' title='bbox 255 2241 406 2281; x_wconf 85' lang='lat' dir='ltr'>albatus</span> <span class='ocrx_word' id='word_1_220' title='bbox 424 2242 617 2296; x_wconf 77' lang='lat' dir='ltr'>celebret)</span> <span class='ocrx_word' id='word_1_221' title='bbox 639 2255 764 2283; x_wconf 86' lang='lat' dir='ltr'>cornu</span> <span class='ocrx_word' id='word_1_222' title='bbox 787 2241 865 2296; x_wconf 82' lang='lat' dir='ltr'>ipse</span> <span class='ocrx_word' id='word_1_223' title='bbox 887 2242 1013 2286; x_wconf 81' lang='lat' dir='ltr'>bilibri</span> 
     </span>
    </p>

    <p class='ocr_par' dir='ltr' id='par_1_21' title="bbox 107 2301 1052 2359">
     <span class='ocr_line' id='line_1_34' title="bbox 107 2301 1052 2359; baseline 0.007 -19"><span class='ocrx_word' id='word_1_224' title='bbox 107 2301 295 2343; x_wconf 87' lang='lat' dir='ltr'>Caulibus</span> <span class='ocrx_word' id='word_1_225' title='bbox 312 2304 462 2345; x_wconf 85' lang='lat' dir='ltr'>instillat</span> <span class='ocrx_word' id='word_1_226' title='bbox 475 2336 489 2354; x_wconf 89' lang='lat'>‚</span> <span class='ocrx_word' id='word_1_227' title='bbox 509 2307 651 2346; x_wconf 84' lang='lat' dir='ltr'>veteris</span> <span class='ocrx_word' id='word_1_228' title='bbox 675 2319 757 2346; x_wconf 88' lang='lat' dir='ltr'>non</span> <span class='ocrx_word' id='word_1_229' title='bbox 777 2319 916 2359; x_wconf 85' lang='lat' dir='ltr'>parcus</span> <span class='ocrx_word' id='word_1_230' title='bbox 939 2307 1052 2348; x_wconf 84' lang='lat' dir='ltr'>aceti.</span> 
     </span>
    </p>
   </div>
   <div class='ocr_carea' id='block_1_16' title="bbox 11 2358 1087 2421">
    <p class='ocr_par' dir='ltr' id='par_1_22' title="bbox 11 2358 1087 2421">
     <span class='ocr_line' id='line_1_35' title="bbox 11 2358 1087 2421; baseline -0.006 -5"><span class='ocrx_word' id='word_1_231' title='bbox 11 2358 35 2418; x_wconf 40' lang='lat'>,⁴</span> <span class='ocrx_word' id='word_1_232' title='bbox 108 2364 236 2417; x_wconf 69' lang='lat' dir='ltr'>Quali</span> <span class='ocrx_word' id='word_1_233' title='bbox 259 2366 373 2418; x_wconf 74' lang='lat' dir='ltr'>igitur</span> <span class='ocrx_word' id='word_1_234' title='bbox 390 2368 498 2410; x_wconf 72' lang='lat' dir='ltr'>viau</span> <span class='ocrx_word' id='word_1_235' title='bbox 522 2368 669 2421; x_wconf 77' lang='lat' dir='ltr'>sapiens</span> <span class='ocrx_word' id='word_1_236' title='bbox 691 2368 854 2410; x_wconf 77' lang='lat' dir='ltr'>utetur?</span> <span class='ocrx_word' id='word_1_237' title='bbox 876 2369 917 2410; x_wconf 78' lang='grc' dir='ltr'>δι</span> <span class='ocrx_word' id='word_1_238' title='bbox 941 2369 1087 2411; x_wconf 84' lang='lat' dir='ltr'>horum</span> 
     </span>
    </p>
   </div>
   <div class='ocr_carea' id='block_1_17' title="bbox 105 2426 1372 2555">
    <p class='ocr_par' dir='ltr' id='par_1_23' title="bbox 105 2426 1372 2555">
     <span class='ocr_line' id='line_1_36' title="bbox 106 2426 1293 2484; baseline 0.008 -18"><span class='ocrx_word' id='word_1_239' title='bbox 106 2426 251 2466; x_wconf 87' lang='lat' dir='ltr'>Utrum</span> <span class='ocrx_word' id='word_1_240' title='bbox 274 2428 509 2471; x_wconf 76' lang='lat' dir='ltr'>imitabitur?</span> <span class='ocrx_word' id='word_1_241' title='bbox 529 2430 617 2471; x_wconf 87' lang='lat' dir='ltr'>Hac</span> <span class='ocrx_word' id='word_1_242' title='bbox 634 2442 747 2484; x_wconf 83' lang='lat' dir='ltr'>urget</span> <span class='ocrx_word' id='word_1_243' title='bbox 765 2432 907 2484; x_wconf 87' lang='lat' dir='ltr'>lupus,</span> <span class='ocrx_word' id='word_1_244' title='bbox 930 2431 1000 2472; x_wconf 83' lang='lat' dir='ltr'>hac</span> <span class='ocrx_word' id='word_1_245' title='bbox 1018 2432 1146 2480; x_wconf 86' lang='lat' dir='ltr'>canis,</span> <span class='ocrx_word' id='word_1_246' title='bbox 1171 2432 1293 2484; x_wconf 87' lang='lat' dir='ltr'>ajunt.</span> 
     </span>
     <span class='ocr_line' id='line_1_37' title="bbox 105 2487 1372 2555; baseline 0.006 -26"><span class='ocrx_word' id='word_1_247' title='bbox 105 2487 279 2530; x_wconf 82' lang='lat' dir='ltr'>Mundus</span> <span class='ocrx_word' id='word_1_248' title='bbox 296 2490 397 2540; x_wconf 85' lang='lat' dir='ltr'>erit,</span> <span class='ocrx_word' id='word_1_249' title='bbox 419 2492 489 2546; x_wconf 88' lang='lat' dir='ltr'>qui</span> <span class='ocrx_word' id='word_1_250' title='bbox 509 2504 590 2534; x_wconf 83' lang='lat' dir='ltr'>non</span> <span class='ocrx_word' id='word_1_251' title='bbox 608 2491 781 2534; x_wconf 86' lang='lat' dir='ltr'>offendat</span> <span class='ocrx_word' id='word_1_252' title='bbox 798 2492 997 2544; x_wconf 82' lang='lat' dir='ltr'>sordidus,</span> <span class='ocrx_word' id='word_1_253' title='bbox 1018 2494 1137 2547; x_wconf 76' lang='lat' dir='ltr'>atque</span> <span class='ocrx_word' id='word_1_254' title='bbox 1249 2551 1253 2555; x_wconf 90' lang='lat'>.</span> <span class='ocrx_word' id='word_1_255' title='bbox 1320 2495 1372 2548; x_wconf 75' lang='lat'>65</span> 
     </span>
    </p>
   </div>
  </div>
 </body>
</html>
