1592 2898
216 230 280 295 96
414 224 1260 299 Q.HORAT11.FLACC1

600 410 637 456 ο
670 409 717 455 D
753 408 795 455 E
863 396 1114 454 XXVJJ.

520 554 629 597 AD
682 549 1188 596 GALATEAM.

225 693 420 735 Abeuntem
438 687 607 743 secundis
634 686 727 728 votis
746 685 972 739 prosecutus,
998 684 1066 738 ipsi
1089 695 1211 724 narrat
1231 684 1388 736 Europes
1406 680 1492 735 fhruj

695 762 783 789 tuna
800 763 876 802 quae
892 746 1015 800 ficet-it.

227 853 399 928 IMmos
428 891 555 933 parrae
583 875 787 918 recinentis
809 884 928 915 omen

225 942 384 991 Ducat,
414 942 454 981 δι
479 952 679 994 praegnans
704 938 827 983 canis,
854 947 922 976 aut
951 936 1000 976 ab
1027 948 1123 990 agro

226 1005 342 1050 Rava
367 1005 572 1048 decurrens
598 1002 690 1055 lupa
715 1000 947 1047 Lanuvino,

525 1064 713 1115 Foetaque
737 1060 903 1113 vulpes:

226 1167 402 1220 Rumpat
423 1164 466 1205 δι
493 1162 647 1215 serpens
671 1162 745 1201 iter
766 1159 977 1200 institutum
991 1188 1004 1209 ‚
1476 1165 1496 1212 ς

229 1231 271 1271 Si
301 1242 369 1283 per
389 1227 593 1280 obliquum
622 1223 751 1264 similis
785 1223 931 1277 sagittae

229 1291 390 1333 Terruit
414 1300 590 1329 mannos.
613 1285 698 1340 Ego
729 1286 791 1327 cui
818 1285 990 1333 timebo,
1020 1319 1026 1325 ,

531 1349 719 1390 Providus
741 1346 909 1401 auspex,

182 1500 184 1502 v
233 1451 457 1502 Antequam
482 1444 621 1486 stantes
644 1453 793 1498 repetat
813 1441 972 1496 paludes

233 1511 422 1551 Imbrium
441 1508 576 1548 divina
597 1507 679 1546 avis
706 1506 995 1550 imminentum,
1455 1510 1504 1541 ιο

235 1570 416 1613 Oscinem
437 1578 604 1610 corvum
628 1578 740 1618 prece
760 1564 947 1604 suscitabo

536 1628 635 1670 Solis
660 1628 834 1669 abortu.

239 1737 296 1779 Sis
317 1737 407 1777 licet
435 1734 552 1783 felix,
574 1734 796 1787 ubicunque
821 1731 969 1780 mavis,

238 1800 289 1841 Et
312 1811 462 1839 memor
480 1796 604 1846 *nostri
622 1826 636 1843 ,
662 1795 846 1841 Galatea,
871 1794 1005 1834 vivas:

240 1861 380 1916 Teque
399 1873 471 1901 nec
496 1859 621 1899 laevus
650 1868 755 1897 vetet
781 1858 838 1897 ire
863 1856 995 1910 picus,
1131 1885 1134 1889 .
1461 1864 1507 1907 ις

539 1921 623 1961 Nec
647 1933 746 1974 vaga
775 1920 922 1959 cornix.

244 2020 319 2061 Sed
344 2019 475 2065 vides,
501 2028 650 2071 quanto
681 2016 842 2069 trepidet
869 2013 1039 2054 tumultu

244 2082 401 2122 Pronus
423 2080 566 2121 Orion.
592 2079 675 2133 Ego
689 2107 700 2127 ‚
726 2079 817 2132 quid
839 2077 883 2117 fit
909 2088 993 2116 ater

247 2143 429 2189 Hadriae,
450 2142 574 2188 novi,
600 2140 726 2188 finus,
754 2140 795 2180 &
815 2139 907 2194 quid
928 2138 1041 2179 albus

547 2203 685 2245 Peccet
712 2201 850 2255 Iapyx.
1461 2207 1514 2236 20

253 2303 435 2345 Hostium
455 2315 602 2344 uxores
629 2301 820 2355 puerique
839 2311 968 2340 caecos

254 2367 426 2407 Sentiant
452 2376 582 2405 motus
606 2364 765 2404 orientis
789 2361 942 2410 Austri,
966 2361 1008 2402 δε

256 2429 441 2484 AEquoris
458 2429 556 2482 nigri
579 2426 770 2467 fremitum
786 2457 798 2473 ,
825 2426 867 2465 &
888 2434 1093 2465 trementes

553 2489 727 2529 Verbere
750 2488 862 2542 ripas.
