1592 2898
218 204 285 245 tv
450 197 506 275 ρ.
550 199 919 249 HoRATn
953 202 1262 273 ‘FLAccr

345 288 411 335 Ni
442 301 483 335 te
510 291 738 352 visceribus
766 295 888 343 meis,
918 294 1104 345 Horati,

344 362 452 409 Plus
478 366 565 410 iarn
598 365 755 426 diligo.
781 359 828 412 tu
857 379 976 413 tuum
985 369 1182 430 sodalem

343 436 510 483 Ninnio
537 438 994 502 videasstrigtfiorem,

212 509 307 556 Sed
334 513 492 557 multo
527 514 671 577 magis
705 516 923 561 extremis
943 514 1156 580 judIciis‚
1183 518 1264 565 tali
1290 518 1351 566 ad
1383 517 1483 566 Au·
1520 555 1524 559 -

209 583 399 648 gustum
434 586 612 650 elogio.

272 696 275 697 γ
338 657 523 706 Horatii
550 659 721 710 Flacci,
749 674 800 707 ut
822 665 931 712 mei,
961 664 1041 725 esto
1068 680 1238 711 memor.

208 730 442 796 Augustus
469 732 767 794 epistolarum
795 751 996 796 quoque
1023 736 1066 782 ei
1098 737 1307 782 officium
1333 736 1479 784 obtu-

204 805 288 863 lit,
316 815 371 851 ut
394 805 487 851 hoc
509 804 570 851 ad
593 805 905 853 Maecenatem
927 807 1097 869 scripto
1119 807 1367 872 fignificat:
1387 811 1479 855 An-

207 892 248 926 te
288 880 373 944 ipse
399 879 667 940 sufficiebam
694 880 936 942 scribendis
987 882 1168 946 epssolis
1215 884 1475 928 amicorum:

203 971 318 1000 nunc
348 955 683 1018 occupatffmus
711 956 752 999 dx
773 956 998 1018 infirmus,
1024 949 1259 1001 Horatium
1287 957 1474 1019 nostrum

203 1040 245 1074 te
275 1029 394 1091 cupio
430 1027 648 1073 adducere.
682 1031 1007 1091 Veniet'igitur
1042 1031 1093 1075 ab
1123 1031 1203 1092 ista
1233 1031 1473 1095 parcfitica

199 1100 345 1161 mensa
369 1099 427 1144 ad
447 1098 556 1144 hanc
583 1100 775 1160 regiam,
802 1101 843 1145 dr
866 1117 942 1146 nos
971 1102 1014 1145 in
1039 1102 1217 1165 epistolis
1230 1101 1473 1163 scribendis

200 1172 433 1239 adjuvabit.
455 1170 526 1218 At':
543 1187 606 1217 ne
627 1171 856 1218 recusanti
881 1172 1081 1233 quidem
1107 1183 1191 1219 aut
1211 1172 1474 1220 succensuit

199 1246 496 1307 quidquam,
528 1255 609 1291 aut
635 1245 888 1291 amicitiam
921 1246 1053 1293 suam
1086 1247 1297 1310 ingerere
1326 1248 1469 1295 desiit.
1544 1250 1547 1251 ⁷

196 1321 387 1368 Exstant
423 1318 655 1381 epistolae‚
688 1335 714 1364 e
752 1318 953 1379 quibuS‚
986 1321 1253 1383 argumenti
1291 1322 1469 1385 gratia,-

196 1412 346 1458 pauca
380 1394 582 1457 subjeci:
618 1395 747 1439 Sume
779 1394 858 1439 tibi
889 1395 1056 1458 aliquid
1075 1398 1198 1461 juris
1232 1396 1349 1461 apud
1374 1414 1466 1448 me,

196 1483 400 1533 tanquam
406 1470 459 1531 fi
486 1470 694 1515 convictor
714 1469 823 1514 mihi
834 1468 1008 1532 fueris:
1032 1471 1142 1515 reae
1164 1471 1298 1518 enim,
1321 1471 1363 1524 dc
1382 1487 1466 1517 non

197 1543 349 1589 temere
364 1543 557 1607 jeceris:
578 1543 778 1604 quoniam
801 1542 848 1585 id
871 1541 970 1602 usus
994 1541 1100 1586 milli
1126 1553 1263 1588 tecum
1289 1543 1365 1606 ff
1390 1560 1473 1591 vo·-v

194 1617 280 1664 lui,
291 1617 343 1679 st
362 1632 443 1680 per
463 1614 762 1661 valetudinem·
777 1625 895 1659 tuam
908 1615 1021 1677 fieri
1036 1610 1174 1696 'poffia
1205 1614 1266 1660 Et
1287 1614 1463 1662 rursus:

197 1692 286 1738 Tui
305 1690 472 1754 qualem
499 1689 675 1734 habeam
699 1689 970 1738 memoriam,
986 1688 1150 1751 poteris
1177 1703 1232 1733 ex
1240 1687 1464 1754 Septimio

190 1781 353 1830 quoque
373 1764 506 1826 nostro
530 1763 702 1812 audire:
726 1778 826 1807 nam
855 1761 1032 1809 incidit,
1058 1772 1108 1806 ut
1133 1761 1207 1807 illo
1226 1766 1465 1827 coramfie·

189 1850 260 1886 ret
293 1856 320 1883 a
351 1853 417 1883 me
444 1831 524 1882 tui
545 1838 716 1881 mentio.
762 1833 912 1896 Neque
947 1836 1085 1882 enim,
1098 1834 1152 1896 st
1186 1846 1233 1881 tu
1249 1834 1463 1901 superbus

189 1914 429 1959 amicitiam
462 1911 648 1974 ncfiram
663 1911 889 1975 sprevisti
925 1910 1014 1956 ideo
1045 1928 1121 1958 nos
1150 1928 1307 1975 quoque
1338 1909 1461 1959 ἀνθυ-

188 1981 511 2056 πφφρονοῧμεν.
545 1986 789 2032 Praeterea
817 1986 935 2047 saepe
963 2001 1078 2031 eum
1104 1985 1226 2032 inter
1251 1985 1364 2033 alios
1380 1988 1462 2051 jo·-

187 2078 268 2108 cos
284 2063 434 2127 puriff
421 2077 550 2106 mum
570 2075 743 2123 penem
764 2056 806 2102 Sc
830 2057 1142 2103 homuncionem
1171 2055 1296 2121 leptd
1281 2059 1346 2119 ff
1330 2074 1461 2105 mum

188 2134 471 2197 appellavit,
499 2148 694 2193 unaque
718 2130 760 2176 Sc
779 2131 921 2177 altera
943 2130 1219 2177 liberalitate
1241 2132 1459 2193 locuple-

187 2209 315 2255 tavit.
338 2206 519 2268 Scripta
543 2205 742 2267 quidem
769 2205 866 2268 ejus
889 2204 1040 2264 usque
1064 2203 1184 2251 adeo
1208 2206 1457 2266 probavit,

186 2281 499 2341 mansuraque
526 2290 762 2342 perpetuo
787 2278 1008 2339 opinatus
1035 2277 1124 2335 est,
1145 2289 1201 2324 ut
1228 2293 1330 2324 non
1348 2295 1458 2334 moe

186 2354 253 2400 do
280 2352 493 2400 Seculare
521 2367 710 2398 carmen
738 2349 1134 2412 componendum
1165 2350 1455 2414 injunxerit,

185 2425 267 2472 sed
302 2424 344 2472 8c
374 2424 677 2471 Vindelicam
715 2419 957 2468 vistoriam
992 2421 1178 2467 Tiberii
1219 2422 1455 2482 Drusique

185 2499 513 2565 privignqrum
541 2496 760 2547 suorum3
791 2511 1001 2557 eumque
1029 2494 1236 2560 coegerit
1260 2505 1457 2557 propter
