1592 2898
216 266 307 320 252
408 251 925 324 Qucum-ru
992 254 1305 304 FLAccr

472 478 1004 526 EPISTOLA
1069 478 1227 526 XIX.

427 623 547 665 AD
614 623 1280 687 MAEC'E-NATEM.

266 758 382 797 Poetae
404 756 582 811 judicium
603 759 644 796 de
661 757 742 810 suis
766 757 803 796 δ’
820 756 1065 811 poetastmrum
1076 754 1140 810 sui
1148 755 1263 810 seculi
1275 755 1435 809 scriptis.

213 855 308 929 PR
321 895 367 923 15
382 892 452 923 co
482 881 512 922 fi
539 880 684 927 credi9‚
705 881 902 920 Maecenas
922 879 1060 928 doEie,
1086 873 1276 930 Cratino,

210 946 328 986 Nulla
348 945 497 998 placere
521 944 606 992 diu,
627 956 698 983 nec
718 943 854 983 vivere
873 942 1041 983 carmina
1065 940 1248 995 poffunt,

210 1004 320 1058 Quae
340 1005 557 1046 scribuntur
579 1017 691 1058 aquae
713 999 937 1057 potoribus:
964 1014 1008 1044 ut
1031 1003 1132 1043 male
1152 1002 1267 1045 sanos
1290 1046 1291 1050 ,
1341 995 1348 1001 ’

207 1067 418 1119 Adscripfit
436 1067 549 1108 Liber
570 1066 719 1119 Satyris
742 1065 956 1119 Faunisque
974 1071 1108 1118 poetas
1120 1095 1133 1114 ‚
1256 1053 1257 1058 ¹

208 1127 314 1168 Vina
337 1128 416 1168 fere
433 1127 568 1168 dulces
589 1127 771 1167 oluerunt
791 1139 903 1167 mane
924 1125 1123 1167 Camenae.
1465 1137 1487 1180 5

207 1189 402 1230 Laudibus
427 1190 601 1243 arguitur
625 1189 706 1229 vini
727 1187 892 1229 vinosus
918 1189 1144 1228 Homerus:
1426 1204 1429 1208 s

206 1249 356 1291 Ennius
374 1249 451 1304 ipse
477 1260 585 1303 pater
607 1262 806 1303 nunquam
826 1278 837 1297 ‚
864 1248 934 1289 nifi
957 1260 1074 1301 potus
1090 1277 1102 1295 ,
1127 1246 1176 1288 ad
1199 1260 1306 1288 arma

205 1314 383 1356 Prosiluit
406 1315 578 1356 dicenda.
599 1316 729 1354 Forum
749 1313 936 1367 putealque
957 1311 1107 1351 Libonis

206 1379 396 1418 Mandabo
413 1378 547 1430 ficcis,
575 1377 731 1417 adimam
755 1387 895 1414 cantare
916 1373 1063 1427 severis.

204 1438 298 1478 Hoc
322 1437 431 1477 simul
451 1438 575 1485 edixi,
598 1450 679 1476 non
704 1435 899 1476 cessavere
928 1446 1057 1487 poetae
1437 1441 1486 1471 ιο

204 1498 414 1539 Νοᾶυτηο
435 1511 583 1539 certare
606 1511 715 1538 mero
728 1527 742 1543 ‚
762 1508 897 1549 putere
918 1496 1073 1535 diurno.

205 1559 315 1612 Quid
330 1592 342 1610 ‚
367 1559 395 1599 fi
422 1561 510 1614 quis
534 1560 647 1600 vultu
667 1572 796 1599 torvo
819 1558 945 1605 ferus,
970 1557 1009 1597 δι
1033 1555 1129 1608 pede
1148 1554 1281 1603 nudo,

207 1624 451 1677 Exiguaeque
483 1636 588 1676 rogae
609 1622 761 1663 simulet
781 1618 1171 1665 textore'Catonerm

203 1688 454 1727 virtutemne
476 1685 722 1739 repraesentet
748 1683 954 1736 moresque
976 1679 1168 1722 Catonis?

209 1751 335 1805 Rupit
355 1749 535 1790 Iarbitam
560 1747 783 1801 Timagenis
804 1745 944 1790 aemula
968 1743 1098 1796 lingua
1112 1772 1125 1790 ,
1438 1750 1484 1795 ις
1519 1787 1522 1789 ,

207 1811 316 1852 Dum
342 1811 463 1851 studet
487 1810 686 1856 urbanus,
715 1807 913 1859 tenditque
937 1804 1095 1844 disertus
1119 1802 1265 1844 haberi.

203 1871 365 1925 Decipit
387 1871 584 1924 exemplar
606 1869 713 1908 vitiis
736 1867 941 1907 imitabile:
961 1866 1070 1919 quod
1091 1863 1122 1904 fi

203 1934 387 1974 Pallerem
412 1932 500 1974 casu
513 1963 524 1982 ‚
546 1931 725 1971 biberent
745 1928 938 1982 exsangue
957 1927 1171 1968 cuminum.

202 1994 244 2036 O
265 1995 507 2040 imitatores,
531 1992 686 2032 servum
710 2002 854 2043 pecus,
880 1999 926 2028 ut
946 1988 1036 2027 mihi
1057 1986 1157 2039 saepe

201 2056 349 2104 Bilem,
376 2053 476 2107 saepe
502 2052 637 2105 jocum
664 2051 779 2091 vestri
805 2042 968 2090 movere
991 2048 1206 2088 tumultus!
1392 2039 1395 2041 ⁵
1430 2058 1487 2088 20

203 2116 344 2156 Libera
369 2129 436 2169 per
460 2127 630 2154 vacuum
653 2111 764 2165 posui
788 2111 952 2164 vestigia
973 2111 1175 2162 princeps;

202 2177 298 2218 Non
317 2177 442 2217 aliena
463 2188 552 2215 meo
574 2173 684 2229 preffi
706 2173 814 2227 pede.
840 2172 928 2226 Qui
951 2170 1020 2212 fibi
1034 2169 1147 2218 fidit,

201 2238 301 2279 Dux
324 2238 423 2290 regit
440 2249 617 2277 examen.
633 2235 767 2276 Parios
781 2247 857 2287 ego
876 2227 1021 2288 primus
1039 2231 1192 2271 lambos

201 2302 363 2342 Ostendi
386 2302 499 2341 Latio
514 2329 525 2347 ‚
549 2310 734 2339 numeros
760 2296 989 2349 animosque
1014 2293 1165 2334 secutus

199 2363 453 2411 Archilochi,
483 2374 566 2402 non
585 2373 646 2401 res
669 2361 711 2402 δι
730 2359 880 2412 agentia
907 2356 1027 2396 verba
1054 2355 1293 2407 Lycamben.
1429 2367 1480 2409 25

200 2429 287 2475 Ac,
306 2439 357 2465 ne
383 2437 445 2465 me
470 2423 571 2464 foliis
593 2423 680 2463 ideo
704 2420 952 2462 brevioribus
979 2430 1119 2467 ornes,

203 2486 330 2540 Quod
350 2486 465 2526 timui
486 2495 637 2525 mutare
653 2483 792 2524 modos
809 2484 851 2524 δι
872 2481 1049 2522 carminis
1068 2492 1215 2528 artem;

199 2551 411 2604 Temperat
428 2546 656 2591 Archilochi
682 2544 834 2588 Musam
858 2545 953 2601 pede
976 2541 1144 2601 mascula
1166 2540 1327 2596 Sappho
1337 2549 1355 2588 ‚‘
1410 2577 1422 2583 μ,
