<?xml version="1.0" encoding="UTF-8"?>
<!DOCTYPE html PUBLIC "-//W3C//DTD XHTML 1.0 Transitional//EN"
    "http://www.w3.org/TR/xhtml1/DTD/xhtml1-transitional.dtd">
<html xmlns="http://www.w3.org/1999/xhtml" xml:lang="en" lang="en">
 <head>
  <title>
</title>
<meta http-equiv="Content-Type" content="text/html;charset=utf-8" />
  <meta name='ocr-system' content='tesseract 3.04.00' />
  <meta name='ocr-capabilities' content='ocr_page ocr_carea ocr_par ocr_line ocrx_word'/>
</head>
<body>
  <div class='ocr_page' id='page_1' title='image "./operaadoptimased00horauoft_0266.png"; bbox 0 0 1592 2898; ppageno 0'>
   <div class='ocr_carea' id='block_1_1' title="bbox 201 278 1255 351">
    <p class='ocr_par' dir='ltr' id='par_1_1' title="bbox 201 278 1255 351">
     <span class='ocr_line' id='line_1_1' title="bbox 201 278 1255 351; baseline 0.01 -27"><span class='ocrx_word' id='word_1_1' title='bbox 201 278 287 325; x_wconf 86' lang='lat'>162</span> <span class='ocrx_word' id='word_1_2' title='bbox 407 281 467 351; x_wconf 73' lang='lat' dir='ltr'>Q.</span> <span class='ocrx_word' id='word_1_3' title='bbox 517 281 890 331; x_wconf 88' lang='lat' dir='ltr'>HORATII</span> <span class='ocrx_word' id='word_1_4' title='bbox 944 284 1255 335; x_wconf 92' lang='lat' dir='ltr'>FLACCI</span> 
     </span>
    </p>
   </div>
   <div class='ocr_carea' id='block_1_2' title="bbox 187 382 1467 1249">
    <p class='ocr_par' dir='ltr' id='par_1_2' title="bbox 192 382 1467 503">
     <span class='ocr_line' id='line_1_2' title="bbox 193 382 1467 448; baseline 0.011 -25"><span class='ocrx_word' id='word_1_5' title='bbox 193 382 364 425; x_wconf 81' lang='lat' dir='ltr'>Naribus</span> <span class='ocrx_word' id='word_1_6' title='bbox 382 384 523 426; x_wconf 89' lang='lat' dir='ltr'>horum</span> <span class='ocrx_word' id='word_1_7' title='bbox 542 387 756 428; x_wconf 90' lang='lat' dir='ltr'>hominum.</span> <span class='ocrx_word' id='word_1_8' title='bbox 778 389 913 430; x_wconf 89' lang='lat' dir='ltr'>Rideri</span> <span class='ocrx_word' id='word_1_9' title='bbox 930 390 1066 444; x_wconf 83' lang='lat' dir='ltr'>poffit,</span> <span class='ocrx_word' id='word_1_10' title='bbox 1084 405 1135 434; x_wconf 90' lang='lat' dir='ltr'>eo</span> <span class='ocrx_word' id='word_1_11' title='bbox 1153 393 1262 448; x_wconf 89' lang='lat' dir='ltr'>quod</span> <span class='ocrx_word' id='word_1_12' title='bbox 1415 404 1467 448; x_wconf 82' lang='lat'>30</span> 
     </span>
     <span class='ocr_line' id='line_1_3' title="bbox 192 445 1123 503; baseline 0.011 -18"><span class='ocrx_word' id='word_1_13' title='bbox 192 445 387 501; x_wconf 86' lang='lat' dir='ltr'>Rusticius</span> <span class='ocrx_word' id='word_1_14' title='bbox 407 447 520 489; x_wconf 89' lang='lat' dir='ltr'>tonso</span> <span class='ocrx_word' id='word_1_15' title='bbox 545 461 640 503; x_wconf 86' lang='lat' dir='ltr'>toga</span> <span class='ocrx_word' id='word_1_16' title='bbox 658 450 812 502; x_wconf 87' lang='lat' dir='ltr'>defluit,</span> <span class='ocrx_word' id='word_1_17' title='bbox 830 452 872 493; x_wconf 78' lang='grc' dir='ltr'>δι</span> <span class='ocrx_word' id='word_1_18' title='bbox 894 453 992 494; x_wconf 88' lang='lat' dir='ltr'>male</span> <span class='ocrx_word' id='word_1_19' title='bbox 1010 454 1123 496; x_wconf 81' lang='lat' dir='ltr'>laxus</span> 
     </span>
    </p>

    <p class='ocr_par' dir='ltr' id='par_1_3' title="bbox 190 507 1338 565">
     <span class='ocr_line' id='line_1_4' title="bbox 190 507 1338 565; baseline 0.01 -18"><span class='ocrx_word' id='word_1_20' title='bbox 190 507 238 548; x_wconf 88' lang='lat' dir='ltr'>In</span> <span class='ocrx_word' id='word_1_21' title='bbox 265 510 361 562; x_wconf 90' lang='lat' dir='ltr'>pede</span> <span class='ocrx_word' id='word_1_22' title='bbox 382 511 532 552; x_wconf 84' lang='lat' dir='ltr'>calceus</span> <span class='ocrx_word' id='word_1_23' title='bbox 553 511 675 554; x_wconf 84' lang='lat' dir='ltr'>haeret</span> <span class='ocrx_word' id='word_1_24' title='bbox 692 513 707 553; x_wconf 76' lang='grc' dir='ltr'><strong><em>ἓ</em></strong></span> <span class='ocrx_word' id='word_1_25' title='bbox 736 514 792 555; x_wconf 92' lang='lat' dir='ltr'>At</span> <span class='ocrx_word' id='word_1_26' title='bbox 815 514 869 556; x_wconf 89' lang='lat' dir='ltr'>est</span> <span class='ocrx_word' id='word_1_27' title='bbox 888 515 1015 557; x_wconf 85' lang='lat' dir='ltr'>bonus</span> <span class='ocrx_word' id='word_1_28' title='bbox 1029 541 1041 565; x_wconf 81' lang='lat'>-‚</span> <span class='ocrx_word' id='word_1_29' title='bbox 1060 527 1104 557; x_wconf 90' lang='lat' dir='ltr'>ut</span> <span class='ocrx_word' id='word_1_30' title='bbox 1119 517 1258 558; x_wconf 84' lang='lat' dir='ltr'>melior</span> <span class='ocrx_word' id='word_1_31' title='bbox 1277 517 1338 558; x_wconf 91' lang='lat' dir='ltr'>vir</span> 
     </span>
    </p>

    <p class='ocr_par' dir='ltr' id='par_1_4' title="bbox 189 570 1462 820">
     <span class='ocr_line' id='line_1_5' title="bbox 191 570 1423 634; baseline 0.008 -24"><span class='ocrx_word' id='word_1_32' title='bbox 191 570 284 611; x_wconf 92' lang='lat' dir='ltr'>Non</span> <span class='ocrx_word' id='word_1_33' title='bbox 304 572 398 613; x_wconf 84' lang='lat' dir='ltr'>alius</span> <span class='ocrx_word' id='word_1_34' title='bbox 418 572 639 627; x_wconf 85' lang='lat' dir='ltr'>quisquam:</span> <span class='ocrx_word' id='word_1_35' title='bbox 666 587 704 616; x_wconf 88' lang='lat' dir='ltr'>at</span> <span class='ocrx_word' id='word_1_36' title='bbox 728 576 799 616; x_wconf 90' lang='lat' dir='ltr'>tibi</span> <span class='ocrx_word' id='word_1_37' title='bbox 821 577 987 618; x_wconf 83' lang='lat' dir='ltr'>amicus:</span> <span class='ocrx_word' id='word_1_38' title='bbox 1012 589 1051 618; x_wconf 87' lang='lat' dir='ltr'>at</span> <span class='ocrx_word' id='word_1_39' title='bbox 1074 578 1272 631; x_wconf 86' lang='lat' dir='ltr'>ingenium</span> <span class='ocrx_word' id='word_1_40' title='bbox 1289 578 1423 634; x_wconf 84' lang='lat' dir='ltr'>ingens</span> 
     </span>
     <span class='ocr_line' id='line_1_6' title="bbox 190 630 1235 694; baseline 0.009 -23"><span class='ocrx_word' id='word_1_41' title='bbox 190 630 347 674; x_wconf 83' lang='lat' dir='ltr'>Inculto</span> <span class='ocrx_word' id='word_1_42' title='bbox 366 634 457 674; x_wconf 82' lang='lat' dir='ltr'>latet</span> <span class='ocrx_word' id='word_1_43' title='bbox 476 634 553 676; x_wconf 82' lang='lat' dir='ltr'>ho&#39;c</span> <span class='ocrx_word' id='word_1_44' title='bbox 570 634 641 676; x_wconf 92' lang='lat' dir='ltr'>sub</span> <span class='ocrx_word' id='word_1_45' title='bbox 662 650 848 690; x_wconf 89' lang='lat' dir='ltr'>corpore:</span> <span class='ocrx_word' id='word_1_46' title='bbox 870 637 1037 693; x_wconf 89' lang='lat' dir='ltr'>denique</span> <span class='ocrx_word' id='word_1_47' title='bbox 1057 652 1096 680; x_wconf 90' lang='lat' dir='ltr'>te</span> <span class='ocrx_word' id='word_1_48' title='bbox 1113 639 1235 694; x_wconf 88' lang='lat' dir='ltr'>ipsum</span> 
     </span>
     <span class='ocr_line' id='line_1_7' title="bbox 189 692 1462 759; baseline 0.009 -25"><span class='ocrx_word' id='word_1_49' title='bbox 189 692 397 742; x_wconf 91' lang='lat' dir='ltr'>Concute,</span> <span class='ocrx_word' id='word_1_50' title='bbox 415 710 507 737; x_wconf 89' lang='lat' dir='ltr'>num</span> <span class='ocrx_word' id='word_1_51' title='bbox 530 711 608 751; x_wconf 86' lang='lat' dir='ltr'>qua</span> <span class='ocrx_word' id='word_1_52' title='bbox 623 699 690 740; x_wconf 91' lang='lat' dir='ltr'>tibi</span> <span class='ocrx_word' id='word_1_53' title='bbox 703 700 887 742; x_wconf 80' lang='lat' dir='ltr'>vitiorum</span> <span class='ocrx_word' id='word_1_54' title='bbox 906 701 1088 743; x_wconf 86' lang='lat' dir='ltr'>inseverit</span> <span class='ocrx_word' id='word_1_55' title='bbox 1110 703 1206 743; x_wconf 90' lang='lat' dir='ltr'>olim</span> <span class='ocrx_word' id='word_1_56' title='bbox 1413 714 1462 759; x_wconf 79' lang='lat'>35</span> 
     </span>
     <span class='ocr_line' id='line_1_8' title="bbox 191 758 1201 820; baseline 0.01 -23"><span class='ocrx_word' id='word_1_57' title='bbox 191 758 365 809; x_wconf 79' lang='lat' dir='ltr'>Natura,</span> <span class='ocrx_word' id='word_1_58' title='bbox 393 772 458 800; x_wconf 85' lang='lat' dir='ltr'>aut</span> <span class='ocrx_word' id='word_1_59' title='bbox 478 762 594 801; x_wconf 84' lang='lat' dir='ltr'>etiam</span> <span class='ocrx_word' id='word_1_60' title='bbox 621 762 861 804; x_wconf 89' lang='lat' dir='ltr'>consuetudo</span> <span class='ocrx_word' id='word_1_61' title='bbox 884 765 1008 807; x_wconf 80' lang='lat' dir='ltr'>mala:</span> <span class='ocrx_word' id='word_1_62' title='bbox 1031 778 1201 820; x_wconf 85' lang='lat' dir='ltr'>namque</span> 
     </span>
    </p>

    <p class='ocr_par' dir='ltr' id='par_1_5' title="bbox 188 819 1057 879">
     <span class='ocr_line' id='line_1_9' title="bbox 188 819 1057 879; baseline 0.005 -19"><span class='ocrx_word' id='word_1_63' title='bbox 188 819 386 874; x_wconf 69' lang='lat' dir='ltr'>Negleffis</span> <span class='ocrx_word' id='word_1_64' title='bbox 408 824 551 863; x_wconf 89' lang='lat' dir='ltr'>urenda</span> <span class='ocrx_word' id='word_1_65' title='bbox 575 821 656 864; x_wconf 78' lang='lat' dir='ltr'>filix</span> <span class='ocrx_word' id='word_1_66' title='bbox 678 824 886 866; x_wconf 80' lang='lat' dir='ltr'>innascitur</span> <span class='ocrx_word' id='word_1_67' title='bbox 906 826 1016 879; x_wconf 86' lang='lat' dir='ltr'>agris.</span> <span class='ocrx_word' id='word_1_68' title='bbox 1054 861 1057 864; x_wconf 17' lang='grc' dir='ltr'><em>Α</em></span> 
     </span>
    </p>

    <p class='ocr_par' dir='ltr' id='par_1_6' title="bbox 191 881 1158 939">
     <span class='ocr_line' id='line_1_10' title="bbox 191 881 1158 939; baseline 0.007 -18"><span class='ocrx_word' id='word_1_69' title='bbox 191 881 289 924; x_wconf 89' lang='lat' dir='ltr'>Illuc</span> <span class='ocrx_word' id='word_1_70' title='bbox 315 896 623 937; x_wconf 83' lang='lat' dir='ltr'>praevertamur:</span> <span class='ocrx_word' id='word_1_71' title='bbox 653 897 869 926; x_wconf 82' lang='lat' dir='ltr'>amatorem</span> <span class='ocrx_word' id='word_1_72' title='bbox 893 887 1001 939; x_wconf 86' lang='lat' dir='ltr'>quod</span> <span class='ocrx_word' id='word_1_73' title='bbox 1024 887 1158 928; x_wconf 86' lang='lat' dir='ltr'>amicae</span> 
     </span>
    </p>

    <p class='ocr_par' dir='ltr' id='par_1_7' title="bbox 188 944 1464 1121">
     <span class='ocr_line' id='line_1_11' title="bbox 188 944 1292 1002; baseline 0.005 -18"><span class='ocrx_word' id='word_1_74' title='bbox 188 944 340 998; x_wconf 85' lang='lat' dir='ltr'>Turpia</span> <span class='ocrx_word' id='word_1_75' title='bbox 361 946 556 1000; x_wconf 88' lang='lat' dir='ltr'>decipiunt</span> <span class='ocrx_word' id='word_1_76' title='bbox 579 958 729 987; x_wconf 86' lang='lat' dir='ltr'>caecum</span> <span class='ocrx_word' id='word_1_77' title='bbox 748 948 841 988; x_wconf 81' lang='lat' dir='ltr'>vitia</span> <span class='ocrx_word' id='word_1_78' title='bbox 853 978 865 996; x_wconf 91' lang='lat'><strong>,</strong></span> <span class='ocrx_word' id='word_1_79' title='bbox 883 959 950 988; x_wconf 84' lang='lat' dir='ltr'>aut</span> <span class='ocrx_word' id='word_1_80' title='bbox 967 948 1084 989; x_wconf 85' lang='lat' dir='ltr'>etiam</span> <span class='ocrx_word' id='word_1_81' title='bbox 1096 948 1182 1002; x_wconf 84' lang='lat' dir='ltr'>-ipsa</span> <span class='ocrx_word' id='word_1_82' title='bbox 1207 949 1292 992; x_wconf 78' lang='lat' dir='ltr'>haec</span> 
     </span>
     <span class='ocr_line' id='line_1_12' title="bbox 191 1006 1464 1064; baseline 0.005 -17"><span class='ocrx_word' id='word_1_83' title='bbox 191 1006 424 1058; x_wconf 62' lang='lat' dir='ltr'>DeleRant3</span> <span class='ocrx_word' id='word_1_84' title='bbox 450 1007 574 1048; x_wconf 90' lang='lat' dir='ltr'>veluti</span> <span class='ocrx_word' id='word_1_85' title='bbox 594 1007 799 1049; x_wconf 84' lang='lat' dir='ltr'>Balbinum</span> <span class='ocrx_word' id='word_1_86' title='bbox 825 1009 997 1063; x_wconf 90' lang='lat' dir='ltr'>polypus</span> <span class='ocrx_word' id='word_1_87' title='bbox 1014 1010 1189 1064; x_wconf 81' lang='lat' dir='ltr'>Hagnae:</span> <span class='ocrx_word' id='word_1_88' title='bbox 1410 1023 1464 1062; x_wconf 82' lang='lat'>40</span> 
     </span>
     <span class='ocr_line' id='line_1_13' title="bbox 188 1069 1076 1121; baseline 0.003 -11"><span class='ocrx_word' id='word_1_89' title='bbox 188 1070 345 1111; x_wconf 88' lang='lat' dir='ltr'>Vellem</span> <span class='ocrx_word' id='word_1_90' title='bbox 373 1071 410 1110; x_wconf 89' lang='lat' dir='ltr'>in</span> <span class='ocrx_word' id='word_1_91' title='bbox 439 1070 602 1112; x_wconf 85' lang='lat' dir='ltr'>amicitia</span> <span class='ocrx_word' id='word_1_92' title='bbox 621 1069 673 1111; x_wconf 84' lang='lat' dir='ltr'>fic</span> <span class='ocrx_word' id='word_1_93' title='bbox 691 1083 930 1121; x_wconf 84' lang='lat' dir='ltr'>erraremus;</span> <span class='ocrx_word' id='word_1_94' title='bbox 954 1070 998 1112; x_wconf 78' lang='grc' dir='ltr'>δι</span> <span class='ocrx_word' id='word_1_95' title='bbox 1018 1071 1076 1113; x_wconf 84' lang='lat' dir='ltr'>isti</span> 
     </span>
    </p>

    <p class='ocr_par' dir='ltr' id='par_1_8' title="bbox 189 1131 1088 1187">
     <span class='ocr_line' id='line_1_14' title="bbox 189 1131 1088 1187; baseline 0 -14"><span class='ocrx_word' id='word_1_96' title='bbox 189 1132 324 1173; x_wconf 86' lang='lat' dir='ltr'>Errori</span> <span class='ocrx_word' id='word_1_97' title='bbox 349 1145 493 1173; x_wconf 88' lang='lat' dir='ltr'>nomen</span> <span class='ocrx_word' id='word_1_98' title='bbox 519 1133 646 1174; x_wconf 83' lang='lat' dir='ltr'>virtus</span> <span class='ocrx_word' id='word_1_99' title='bbox 672 1131 852 1187; x_wconf 70' lang='lat' dir='ltr'>posuisset</span> <span class='ocrx_word' id='word_1_100' title='bbox 873 1132 1088 1174; x_wconf 80' lang='lat' dir='ltr'>honestum.</span> 
     </span>
    </p>

    <p class='ocr_par' dir='ltr' id='par_1_9' title="bbox 187 1193 1142 1249">
     <span class='ocr_line' id='line_1_15' title="bbox 187 1193 1142 1249; baseline 0.002 -14"><span class='ocrx_word' id='word_1_101' title='bbox 187 1195 267 1244; x_wconf 86' lang='lat' dir='ltr'>At,</span> <span class='ocrx_word' id='word_1_102' title='bbox 290 1205 399 1249; x_wconf 86' lang='lat' dir='ltr'>pater</span> <span class='ocrx_word' id='word_1_103' title='bbox 418 1205 462 1235; x_wconf 91' lang='lat' dir='ltr'>ut</span> <span class='ocrx_word' id='word_1_104' title='bbox 485 1195 614 1248; x_wconf 81' lang='lat' dir='ltr'>gnati,</span> <span class='ocrx_word' id='word_1_105' title='bbox 631 1193 685 1235; x_wconf 78' lang='lat' dir='ltr'>sic</span> <span class='ocrx_word' id='word_1_106' title='bbox 704 1207 777 1235; x_wconf 85' lang='lat' dir='ltr'>nos</span> <span class='ocrx_word' id='word_1_107' title='bbox 796 1195 981 1239; x_wconf 87' lang='lat' dir='ltr'>debemus</span> <span class='ocrx_word' id='word_1_108' title='bbox 1003 1195 1142 1244; x_wconf 82' lang='lat' dir='ltr'>amici,</span> 
     </span>
    </p>
   </div>
   <div class='ocr_carea' id='block_1_3' title="bbox 100 1256 1156 1311">
    <p class='ocr_par' dir='ltr' id='par_1_10' title="bbox 100 1256 1156 1311">
     <span class='ocr_line' id='line_1_16' title="bbox 100 1256 1156 1311; baseline 0 -12"><span class='ocrx_word' id='word_1_109' title='bbox 100 1265 102 1267; x_wconf 76' lang='grc'><strong><em>’</em></strong></span> <span class='ocrx_word' id='word_1_110' title='bbox 186 1258 225 1299; x_wconf 89' lang='lat' dir='ltr'>Si</span> <span class='ocrx_word' id='word_1_111' title='bbox 243 1259 349 1311; x_wconf 89' lang='lat' dir='ltr'>quod</span> <span class='ocrx_word' id='word_1_112' title='bbox 368 1257 412 1298; x_wconf 79' lang='lat' dir='ltr'>sit</span> <span class='ocrx_word' id='word_1_113' title='bbox 427 1258 566 1298; x_wconf 86' lang='lat' dir='ltr'>vitium</span> <span class='ocrx_word' id='word_1_114' title='bbox 581 1288 593 1306; x_wconf 93' lang='lat'>,</span> <span class='ocrx_word' id='word_1_115' title='bbox 617 1269 699 1298; x_wconf 89' lang='lat' dir='ltr'>non</span> <span class='ocrx_word' id='word_1_116' title='bbox 724 1256 914 1299; x_wconf 86' lang='lat' dir='ltr'>fastidire:</span> <span class='ocrx_word' id='word_1_117' title='bbox 938 1257 1156 1299; x_wconf 85' lang='lat' dir='ltr'>strabonem</span> 
     </span>
    </p>
   </div>
   <div class='ocr_carea' id='block_1_4' title="bbox 151 1319 1460 1809">
    <p class='ocr_par' dir='ltr' id='par_1_11' title="bbox 186 1319 1458 1429">
     <span class='ocr_line' id='line_1_17' title="bbox 186 1319 1458 1382; baseline 0 -20"><span class='ocrx_word' id='word_1_118' title='bbox 186 1322 370 1376; x_wconf 80' lang='lat' dir='ltr'>Appellat</span> <span class='ocrx_word' id='word_1_119' title='bbox 394 1321 539 1361; x_wconf 82' lang='lat' dir='ltr'>Paetum</span> <span class='ocrx_word' id='word_1_120' title='bbox 561 1330 691 1374; x_wconf 81' lang='lat' dir='ltr'>pater3</span> <span class='ocrx_word' id='word_1_121' title='bbox 715 1320 755 1360; x_wconf 79' lang='grc' dir='ltr'>δι</span> <span class='ocrx_word' id='word_1_122' title='bbox 773 1319 947 1369; x_wconf 88' lang='lat' dir='ltr'>Pullum,</span> <span class='ocrx_word' id='word_1_123' title='bbox 965 1320 1065 1363; x_wconf 81' lang='lat' dir='ltr'>male</span> <span class='ocrx_word' id='word_1_124' title='bbox 1068 1333 1230 1382; x_wconf 59' lang='lat' dir='ltr'>parvus</span> <span class='ocrx_word' id='word_1_125' title='bbox 1407 1334 1458 1378; x_wconf 79' lang='lat'>45</span> 
     </span>
     <span class='ocr_line' id='line_1_18' title="bbox 187 1380 1097 1429; baseline -0.004 -5"><span class='ocrx_word' id='word_1_126' title='bbox 187 1383 226 1424; x_wconf 91' lang='lat' dir='ltr'>Si</span> <span class='ocrx_word' id='word_1_127' title='bbox 243 1385 304 1424; x_wconf 92' lang='lat' dir='ltr'>cui</span> <span class='ocrx_word' id='word_1_128' title='bbox 326 1382 429 1423; x_wconf 85' lang='lat' dir='ltr'>filius</span> <span class='ocrx_word' id='word_1_129' title='bbox 449 1382 524 1429; x_wconf 84' lang='lat' dir='ltr'>est,</span> <span class='ocrx_word' id='word_1_130' title='bbox 547 1393 590 1421; x_wconf 94' lang='lat' dir='ltr'>ut</span> <span class='ocrx_word' id='word_1_131' title='bbox 616 1381 819 1421; x_wconf 86' lang='lat' dir='ltr'>abortivus</span> <span class='ocrx_word' id='word_1_132' title='bbox 841 1380 916 1421; x_wconf 91' lang='lat' dir='ltr'>fuit</span> <span class='ocrx_word' id='word_1_133' title='bbox 943 1380 1059 1425; x_wconf 62' lang='lat' dir='ltr'>olim(</span> <span class='ocrx_word' id='word_1_134' title='bbox 1078 1383 1097 1396; x_wconf 44' lang='lat'><em>³</em></span> 
     </span>
    </p>

    <p class='ocr_par' dir='ltr' id='par_1_12' title="bbox 185 1442 1314 1557">
     <span class='ocr_line' id='line_1_19' title="bbox 186 1442 1314 1500; baseline -0.003 -13"><span class='ocrx_word' id='word_1_135' title='bbox 186 1445 401 1500; x_wconf 86' lang='lat' dir='ltr'>Sisyphus:</span> <span class='ocrx_word' id='word_1_136' title='bbox 429 1445 553 1492; x_wconf 86' lang='lat' dir='ltr'>hunc,</span> <span class='ocrx_word' id='word_1_137' title='bbox 576 1443 730 1483; x_wconf 86' lang='lat' dir='ltr'>Varum</span> <span class='ocrx_word' id='word_1_138' title='bbox 745 1471 757 1491; x_wconf 93' lang='lat'>‚</span> <span class='ocrx_word' id='word_1_139' title='bbox 787 1442 952 1483; x_wconf 85' lang='lat' dir='ltr'>distortis</span> <span class='ocrx_word' id='word_1_140' title='bbox 974 1443 1177 1493; x_wconf 80' lang='lat' dir='ltr'>cruribus3</span> <span class='ocrx_word' id='word_1_141' title='bbox 1203 1442 1314 1485; x_wconf 88' lang='lat' dir='ltr'>illum</span> 
     </span>
     <span class='ocr_line' id='line_1_20' title="bbox 185 1502 1150 1557; baseline -0.004 -8"><span class='ocrx_word' id='word_1_142' title='bbox 185 1509 360 1550; x_wconf 88' lang='lat' dir='ltr'>Balbutit</span> <span class='ocrx_word' id='word_1_143' title='bbox 384 1506 573 1548; x_wconf 82' lang='lat' dir='ltr'>Scaurum</span> <span class='ocrx_word' id='word_1_144' title='bbox 586 1535 599 1554; x_wconf 93' lang='lat'>,</span> <span class='ocrx_word' id='word_1_145' title='bbox 623 1504 753 1557; x_wconf 83' lang='lat' dir='ltr'>pravis</span> <span class='ocrx_word' id='word_1_146' title='bbox 772 1502 913 1544; x_wconf 86' lang='lat' dir='ltr'>fultum</span> <span class='ocrx_word' id='word_1_147' title='bbox 933 1505 1034 1545; x_wconf 84' lang='lat' dir='ltr'>male</span> <span class='ocrx_word' id='word_1_148' title='bbox 1053 1505 1150 1546; x_wconf 86' lang='lat' dir='ltr'>talis.</span> 
     </span>
    </p>

    <p class='ocr_par' dir='ltr' id='par_1_13' title="bbox 151 1565 1460 1743">
     <span class='ocr_line' id='line_1_21' title="bbox 185 1565 1442 1620; baseline -0.003 -9"><span class='ocrx_word' id='word_1_149' title='bbox 185 1571 342 1611; x_wconf 80' lang='lat' dir='ltr'>Parcius</span> <span class='ocrx_word' id='word_1_150' title='bbox 366 1571 437 1611; x_wconf 65' lang='lat' dir='ltr'>hicv</span> <span class='ocrx_word' id='word_1_151' title='bbox 452 1567 579 1609; x_wconf 83' lang='lat' dir='ltr'>vivit?</span> <span class='ocrx_word' id='word_1_152' title='bbox 605 1566 707 1620; x_wconf 83' lang='lat' dir='ltr'>frugi</span> <span class='ocrx_word' id='word_1_153' title='bbox 734 1565 906 1607; x_wconf 80' lang='lat' dir='ltr'>dicatur:</span> <span class='ocrx_word' id='word_1_154' title='bbox 931 1566 1084 1620; x_wconf 87' lang='lat' dir='ltr'>ineptus</span> <span class='ocrx_word' id='word_1_155' title='bbox 1440 1604 1442 1607; x_wconf 81' lang='grc'>,</span> 
     </span>
     <span class='ocr_line' id='line_1_22' title="bbox 151 1626 1460 1684; baseline -0.004 -12"><span class='ocrx_word' id='word_1_156' title='bbox 151 1657 155 1661; x_wconf 89' lang='lat'><em>-</em></span> <span class='ocrx_word' id='word_1_157' title='bbox 187 1633 236 1674; x_wconf 89' lang='lat' dir='ltr'>Et</span> <span class='ocrx_word' id='word_1_158' title='bbox 261 1631 470 1684; x_wconf 64' lang='lat' dir='ltr'>jaetantior</span> <span class='ocrx_word' id='word_1_159' title='bbox 498 1630 558 1670; x_wconf 90' lang='lat' dir='ltr'>hic</span> <span class='ocrx_word' id='word_1_160' title='bbox 579 1627 697 1683; x_wconf 84' lang='lat' dir='ltr'>paulo</span> <span class='ocrx_word' id='word_1_161' title='bbox 724 1626 807 1669; x_wconf 83' lang='lat' dir='ltr'>est?</span> <span class='ocrx_word' id='word_1_162' title='bbox 836 1627 1051 1675; x_wconf 78' lang='lat' dir='ltr'>concinnus</span> <span class='ocrx_word' id='word_1_163' title='bbox 1073 1627 1203 1669; x_wconf 81' lang='lat' dir='ltr'>amicis</span> <span class='ocrx_word' id='word_1_164' title='bbox 1282 1653 1290 1657; x_wconf 90' lang='lat'><em>-</em></span> <span class='ocrx_word' id='word_1_165' title='bbox 1408 1641 1460 1684; x_wconf 82' lang='grc' dir='ltr'>ςο</span> 
     </span>
     <span class='ocr_line' id='line_1_23' title="bbox 186 1687 1209 1743; baseline -0.005 -7"><span class='ocrx_word' id='word_1_166' title='bbox 186 1694 355 1736; x_wconf 86' lang='lat' dir='ltr'>Postulat</span> <span class='ocrx_word' id='word_1_167' title='bbox 373 1703 416 1732; x_wconf 90' lang='lat' dir='ltr'>ut</span> <span class='ocrx_word' id='word_1_168' title='bbox 435 1691 632 1731; x_wconf 84' lang='lat' dir='ltr'>videatur:</span> <span class='ocrx_word' id='word_1_169' title='bbox 653 1699 693 1729; x_wconf 84' lang='lat' dir='ltr'>at</span> <span class='ocrx_word' id='word_1_170' title='bbox 715 1687 770 1729; x_wconf 90' lang='lat' dir='ltr'>est</span> <span class='ocrx_word' id='word_1_171' title='bbox 790 1688 1046 1730; x_wconf 83' lang='lat' dir='ltr'>truculentior</span> <span class='ocrx_word' id='word_1_172' title='bbox 1058 1719 1074 1737; x_wconf 93' lang='lat'>,</span> <span class='ocrx_word' id='word_1_173' title='bbox 1090 1700 1209 1743; x_wconf 82' lang='lat' dir='ltr'>atque</span> 
     </span>
    </p>

    <p class='ocr_par' dir='ltr' id='par_1_14' title="bbox 185 1748 1197 1809">
     <span class='ocr_line' id='line_1_24' title="bbox 185 1748 1197 1809; baseline -0.004 -12"><span class='ocrx_word' id='word_1_174' title='bbox 185 1756 276 1797; x_wconf 88' lang='lat' dir='ltr'>Plus</span> <span class='ocrx_word' id='word_1_175' title='bbox 301 1766 418 1809; x_wconf 86' lang='lat' dir='ltr'>aequo</span> <span class='ocrx_word' id='word_1_176' title='bbox 440 1751 563 1792; x_wconf 82' lang='lat' dir='ltr'>liber?</span> <span class='ocrx_word' id='word_1_177' title='bbox 589 1749 751 1803; x_wconf 73' lang='lat' dir='ltr'>simplex</span> <span class='ocrx_word' id='word_1_178' title='bbox 776 1748 963 1803; x_wconf 86' lang='lat' dir='ltr'>fortisque</span> <span class='ocrx_word' id='word_1_179' title='bbox 990 1749 1197 1805; x_wconf 25' lang='lat' dir='ltr'>habeatur.-</span> 
     </span>
    </p>
   </div>
   <div class='ocr_carea' id='block_1_5' title="bbox 112 1812 1170 1866">
    <p class='ocr_par' dir='ltr' id='par_1_15' title="bbox 112 1812 1170 1866">
     <span class='ocr_line' id='line_1_25' title="bbox 112 1812 1170 1866; baseline -0.009 -5"><span class='ocrx_word' id='word_1_180' title='bbox 112 1836 116 1839; x_wconf 92' lang='lat'>·</span> <span class='ocrx_word' id='word_1_181' title='bbox 185 1818 346 1860; x_wconf 87' lang='lat' dir='ltr'>Caldior</span> <span class='ocrx_word' id='word_1_182' title='bbox 368 1814 450 1856; x_wconf 79' lang='lat' dir='ltr'>est?</span> <span class='ocrx_word' id='word_1_183' title='bbox 475 1825 582 1854; x_wconf 86' lang='lat' dir='ltr'>acres</span> <span class='ocrx_word' id='word_1_184' title='bbox 604 1813 701 1853; x_wconf 89' lang='lat' dir='ltr'>inter</span> <span class='ocrx_word' id='word_1_185' title='bbox 727 1822 981 1852; x_wconf 86' lang='lat' dir='ltr'>numeretur:</span> <span class='ocrx_word' id='word_1_186' title='bbox 1004 1812 1170 1866; x_wconf 87' lang='lat' dir='ltr'>opinor,</span> 
     </span>
    </p>
   </div>
   <div class='ocr_carea' id='block_1_6' title="bbox 185 1874 1592 2615">
    <p class='ocr_par' dir='ltr' id='par_1_16' title="bbox 186 1874 1202 1931">
     <span class='ocr_line' id='line_1_26' title="bbox 186 1874 1202 1931; baseline -0.007 -7"><span class='ocrx_word' id='word_1_187' title='bbox 186 1883 289 1924; x_wconf 85' lang='lat' dir='ltr'>Haec</span> <span class='ocrx_word' id='word_1_188' title='bbox 312 1893 373 1921; x_wconf 87' lang='lat' dir='ltr'>res</span> <span class='ocrx_word' id='word_1_189' title='bbox 399 1880 439 1919; x_wconf 86' lang='lat'>&amp;</span> <span class='ocrx_word' id='word_1_190' title='bbox 459 1877 588 1931; x_wconf 87' lang='lat' dir='ltr'>jungit</span> <span class='ocrx_word' id='word_1_191' title='bbox 603 1907 618 1924; x_wconf 93' lang='lat'>,</span> <span class='ocrx_word' id='word_1_192' title='bbox 638 1875 794 1929; x_wconf 60' lang='lat' dir='ltr'>juneos</span> <span class='ocrx_word' id='word_1_193' title='bbox 821 1875 863 1916; x_wconf 81' lang='grc' dir='ltr'>δι</span> <span class='ocrx_word' id='word_1_194' title='bbox 890 1874 1020 1917; x_wconf 84' lang='lat' dir='ltr'>servat</span> <span class='ocrx_word' id='word_1_195' title='bbox 1041 1876 1202 1917; x_wconf 82' lang='lat' dir='ltr'>amicos.</span> 
     </span>
    </p>

    <p class='ocr_par' dir='ltr' id='par_1_17' title="bbox 185 1940 1514 2058">
     <span class='ocr_line' id='line_1_27' title="bbox 186 1940 1514 2004; baseline -0.008 -18"><span class='ocrx_word' id='word_1_196' title='bbox 186 1945 243 1986; x_wconf 88' lang='lat' dir='ltr'>At</span> <span class='ocrx_word' id='word_1_197' title='bbox 261 1957 334 1984; x_wconf 84' lang='lat' dir='ltr'>nos</span> <span class='ocrx_word' id='word_1_198' title='bbox 357 1943 522 1983; x_wconf 88' lang='lat' dir='ltr'>virtutes</span> <span class='ocrx_word' id='word_1_199' title='bbox 548 1940 646 1993; x_wconf 85' lang='lat' dir='ltr'>ipsas</span> <span class='ocrx_word' id='word_1_200' title='bbox 667 1940 922 1989; x_wconf 87' lang='lat' dir='ltr'>invertimus,</span> <span class='ocrx_word' id='word_1_201' title='bbox 947 1949 1067 1994; x_wconf 87' lang='lat' dir='ltr'>atque</span> <span class='ocrx_word' id='word_1_202' title='bbox 1131 1999 1133 2001; x_wconf 16' lang='lat' dir='ltr'>v</span> <span class='ocrx_word' id='word_1_203' title='bbox 1409 1951 1454 1995; x_wconf 79' lang='lat'>55</span> <span class='ocrx_word' id='word_1_204' title='bbox 1494 1979 1514 2004; x_wconf 53' lang='lat' dir='ltr'><em>l</em></span> 
     </span>
     <span class='ocr_line' id='line_1_28' title="bbox 185 2000 1210 2058; baseline -0.006 -11"><span class='ocrx_word' id='word_1_205' title='bbox 185 2007 384 2048; x_wconf 88' lang='lat' dir='ltr'>Sincerum</span> <span class='ocrx_word' id='word_1_206' title='bbox 408 2003 589 2058; x_wconf 87' lang='lat' dir='ltr'>cupimus</span> <span class='ocrx_word' id='word_1_207' title='bbox 613 2013 686 2042; x_wconf 89' lang='lat' dir='ltr'>vas</span> <span class='ocrx_word' id='word_1_208' title='bbox 710 2001 929 2051; x_wconf 67' lang='lat' dir='ltr'>incrustare.</span> <span class='ocrx_word' id='word_1_209' title='bbox 951 2000 1102 2042; x_wconf 88' lang='lat' dir='ltr'>Probus</span> <span class='ocrx_word' id='word_1_210' title='bbox 1121 2000 1210 2055; x_wconf 85' lang='lat' dir='ltr'>quis</span> 
     </span>
    </p>

    <p class='ocr_par' dir='ltr' id='par_1_18' title="bbox 185 2061 1256 2114">
     <span class='ocr_line' id='line_1_29' title="bbox 185 2061 1256 2114; baseline -0.007 -4"><span class='ocrx_word' id='word_1_211' title='bbox 185 2068 398 2110; x_wconf 81' lang='lat' dir='ltr'>Nobiscum</span> <span class='ocrx_word' id='word_1_212' title='bbox 419 2066 546 2114; x_wconf 81' lang='lat' dir='ltr'>vivit3</span> <span class='ocrx_word' id='word_1_213' title='bbox 568 2063 737 2105; x_wconf 88' lang='lat' dir='ltr'>multum</span> <span class='ocrx_word' id='word_1_214' title='bbox 758 2063 813 2105; x_wconf 84' lang='lat' dir='ltr'>est</span> <span class='ocrx_word' id='word_1_215' title='bbox 836 2063 1011 2105; x_wconf 88' lang='lat' dir='ltr'>demiffus</span> <span class='ocrx_word' id='word_1_216' title='bbox 1033 2063 1178 2104; x_wconf 79' lang='lat' dir='ltr'>homo:</span> <span class='ocrx_word' id='word_1_217' title='bbox 1196 2061 1256 2104; x_wconf 88' lang='lat' dir='ltr'>illi</span> 
     </span>
    </p>

    <p class='ocr_par' dir='ltr' id='par_1_19' title="bbox 186 2123 1285 2181">
     <span class='ocr_line' id='line_1_30' title="bbox 186 2123 1285 2181; baseline -0.007 -10"><span class='ocrx_word' id='word_1_218' title='bbox 186 2131 321 2171; x_wconf 83' lang='lat' dir='ltr'>Tardo</span> <span class='ocrx_word' id='word_1_219' title='bbox 334 2160 345 2176; x_wconf 90' lang='lat'>‚</span> <span class='ocrx_word' id='word_1_220' title='bbox 368 2139 588 2181; x_wconf 86' lang='lat' dir='ltr'>cognomen</span> <span class='ocrx_word' id='word_1_221' title='bbox 609 2126 742 2180; x_wconf 86' lang='lat' dir='ltr'>pingui</span> <span class='ocrx_word' id='word_1_222' title='bbox 763 2126 923 2166; x_wconf 87' lang='lat' dir='ltr'>damus:</span> <span class='ocrx_word' id='word_1_223' title='bbox 942 2124 1006 2165; x_wconf 89' lang='lat' dir='ltr'>hic</span> <span class='ocrx_word' id='word_1_224' title='bbox 1030 2123 1127 2178; x_wconf 84' lang='lat' dir='ltr'>fugit</span> <span class='ocrx_word' id='word_1_225' title='bbox 1147 2134 1285 2164; x_wconf 78' lang='lat' dir='ltr'>omnes</span> 
     </span>
    </p>

    <p class='ocr_par' dir='ltr' id='par_1_20' title="bbox 185 2188 1175 2245">
     <span class='ocr_line' id='line_1_31' title="bbox 185 2188 1175 2245; baseline -0.009 -10"><span class='ocrx_word' id='word_1_226' title='bbox 185 2194 369 2240; x_wconf 86' lang='lat' dir='ltr'>Infidias‚</span> <span class='ocrx_word' id='word_1_227' title='bbox 393 2192 564 2245; x_wconf 90' lang='lat' dir='ltr'>nullique</span> <span class='ocrx_word' id='word_1_228' title='bbox 585 2190 689 2230; x_wconf 88' lang='lat' dir='ltr'>malo</span> <span class='ocrx_word' id='word_1_229' title='bbox 709 2189 810 2230; x_wconf 86' lang='lat' dir='ltr'>latus</span> <span class='ocrx_word' id='word_1_230' title='bbox 835 2188 947 2230; x_wconf 87' lang='lat' dir='ltr'>obdit</span> <span class='ocrx_word' id='word_1_231' title='bbox 970 2198 1175 2242; x_wconf 79' lang='lat' dir='ltr'>apertum3</span> 
     </span>
    </p>

    <p class='ocr_par' dir='ltr' id='par_1_21' title="bbox 185 2245 1592 2423">
     <span class='ocr_line' id='line_1_32' title="bbox 187 2245 1458 2309; baseline -0.009 -14"><span class='ocrx_word' id='word_1_232' title='bbox 187 2255 320 2309; x_wconf 81' lang='lat' dir='ltr'>(Cum</span> <span class='ocrx_word' id='word_1_233' title='bbox 345 2265 465 2307; x_wconf 87' lang='lat' dir='ltr'>genus</span> <span class='ocrx_word' id='word_1_234' title='bbox 481 2251 559 2292; x_wconf 90' lang='lat' dir='ltr'>hoc</span> <span class='ocrx_word' id='word_1_235' title='bbox 575 2251 674 2290; x_wconf 87' lang='lat' dir='ltr'>inter</span> <span class='ocrx_word' id='word_1_236' title='bbox 690 2250 784 2289; x_wconf 84' lang='lat' dir='ltr'>vitae</span> <span class='ocrx_word' id='word_1_237' title='bbox 804 2248 979 2290; x_wconf 85' lang='lat' dir='ltr'>versetur</span> <span class='ocrx_word' id='word_1_238' title='bbox 992 2277 1005 2296; x_wconf 92' lang='lat'>,</span> <span class='ocrx_word' id='word_1_239' title='bbox 1025 2247 1091 2288; x_wconf 90' lang='lat' dir='ltr'>ubi</span> <span class='ocrx_word' id='word_1_240' title='bbox 1105 2247 1205 2287; x_wconf 68' lang='lat' dir='ltr'>reris</span> <span class='ocrx_word' id='word_1_241' title='bbox 1266 2283 1268 2285; x_wconf 78' lang='grc'>,</span> <span class='ocrx_word' id='word_1_242' title='bbox 1308 2245 1313 2251; x_wconf 90' lang='grc'><strong>’</strong></span> <span class='ocrx_word' id='word_1_243' title='bbox 1402 2246 1458 2289; x_wconf 82' lang='lat'>60</span> 
     </span>
     <span class='ocr_line' id='line_1_33' title="bbox 185 2303 1592 2398; baseline -0.009 -39"><span class='ocrx_word' id='word_1_244' title='bbox 185 2317 335 2359; x_wconf 82' lang='lat' dir='ltr'>Invidia</span> <span class='ocrx_word' id='word_1_245' title='bbox 348 2345 358 2362; x_wconf 79' lang='grc'><em>,</em></span> <span class='ocrx_word' id='word_1_246' title='bbox 381 2326 497 2367; x_wconf 84' lang='lat' dir='ltr'>atque</span> <span class='ocrx_word' id='word_1_247' title='bbox 517 2314 648 2367; x_wconf 85' lang='lat' dir='ltr'>vigent</span> <span class='ocrx_word' id='word_1_248' title='bbox 668 2312 734 2352; x_wconf 90' lang='lat' dir='ltr'>ubi</span> <span class='ocrx_word' id='word_1_249' title='bbox 755 2310 943 2364; x_wconf 85' lang='lat' dir='ltr'>crimina)</span> <span class='ocrx_word' id='word_1_250' title='bbox 969 2322 1041 2362; x_wconf 88' lang='lat' dir='ltr'>pro</span> <span class='ocrx_word' id='word_1_251' title='bbox 1065 2309 1164 2349; x_wconf 90' lang='lat' dir='ltr'>bene</span> <span class='ocrx_word' id='word_1_252' title='bbox 1181 2307 1275 2349; x_wconf 87' lang='lat' dir='ltr'>sano</span> <span class='ocrx_word' id='word_1_253' title='bbox 1588 2303 1592 2398; x_wconf 51' lang='grc' dir='ltr'><strong>ἱ</strong></span> 
     </span>
     <span class='ocr_line' id='line_1_34' title="bbox 187 2371 1212 2423; baseline -0.009 -6"><span class='ocrx_word' id='word_1_254' title='bbox 187 2379 249 2419; x_wconf 92' lang='lat' dir='ltr'>Ac</span> <span class='ocrx_word' id='word_1_255' title='bbox 275 2388 354 2415; x_wconf 91' lang='lat' dir='ltr'>non</span> <span class='ocrx_word' id='word_1_256' title='bbox 374 2375 535 2414; x_wconf 86' lang='lat' dir='ltr'>incauto</span> <span class='ocrx_word' id='word_1_257' title='bbox 548 2402 560 2421; x_wconf 91' lang='lat'>,</span> <span class='ocrx_word' id='word_1_258' title='bbox 586 2372 718 2412; x_wconf 62' lang='lat' dir='ltr'>fictum</span> <span class='ocrx_word' id='word_1_259' title='bbox 740 2371 988 2423; x_wconf 84' lang='lat' dir='ltr'>astutumque</span> <span class='ocrx_word' id='word_1_260' title='bbox 1009 2381 1212 2410; x_wconf 87' lang='lat' dir='ltr'>vocamus.</span> 
     </span>
    </p>

    <p class='ocr_par' dir='ltr' id='par_1_22' title="bbox 187 2431 1273 2492">
     <span class='ocr_line' id='line_1_35' title="bbox 187 2431 1273 2492; baseline -0.009 -11"><span class='ocrx_word' id='word_1_261' title='bbox 187 2438 403 2492; x_wconf 84' lang='lat' dir='ltr'>Simplicior</span> <span class='ocrx_word' id='word_1_262' title='bbox 429 2437 541 2489; x_wconf 71' lang='lat' dir='ltr'>quis»,</span> <span class='ocrx_word' id='word_1_263' title='bbox 565 2435 609 2475; x_wconf 76' lang='grc' dir='ltr'>δι</span> <span class='ocrx_word' id='word_1_264' title='bbox 634 2434 711 2482; x_wconf 89' lang='lat' dir='ltr'>est,</span> <span class='ocrx_word' id='word_1_265' title='bbox 733 2433 885 2488; x_wconf 83' lang='lat' dir='ltr'>qualem</span> <span class='ocrx_word' id='word_1_266' title='bbox 907 2446 969 2472; x_wconf 91' lang='lat' dir='ltr'>me</span> <span class='ocrx_word' id='word_1_267' title='bbox 989 2431 1088 2485; x_wconf 86' lang='lat' dir='ltr'>saepe</span> <span class='ocrx_word' id='word_1_268' title='bbox 1109 2431 1273 2472; x_wconf 88' lang='lat' dir='ltr'>libenter</span> 
     </span>
    </p>

    <p class='ocr_par' dir='ltr' id='par_1_23' title="bbox 188 2493 1461 2547">
     <span class='ocr_line' id='line_1_36' title="bbox 188 2493 1461 2547; baseline -0.009 -6"><span class='ocrx_word' id='word_1_269' title='bbox 188 2501 411 2543; x_wconf 89' lang='lat' dir='ltr'>Obtulerim</span> <span class='ocrx_word' id='word_1_270' title='bbox 431 2498 523 2544; x_wconf 78' lang='lat' dir='ltr'>tibi,</span> <span class='ocrx_word' id='word_1_271' title='bbox 540 2496 735 2536; x_wconf 80' lang='lat' dir='ltr'>Maecenas</span> <span class='ocrx_word' id='word_1_272' title='bbox 750 2524 762 2544; x_wconf 91' lang='lat'>‚</span> <span class='ocrx_word' id='word_1_273' title='bbox 787 2507 831 2535; x_wconf 90' lang='lat' dir='ltr'>ut</span> <span class='ocrx_word' id='word_1_274' title='bbox 851 2493 953 2534; x_wconf 89' lang='lat' dir='ltr'>forte</span> <span class='ocrx_word' id='word_1_275' title='bbox 973 2493 1163 2547; x_wconf 87' lang='lat' dir='ltr'>legentem</span> <span class='ocrx_word' id='word_1_276' title='bbox 1459 2527 1461 2529; x_wconf 87' lang='lat'>.</span> 
     </span>
    </p>

    <p class='ocr_par' dir='ltr' id='par_1_24' title="bbox 188 2554 1451 2615">
     <span class='ocr_line' id='line_1_37' title="bbox 188 2554 1451 2615; baseline -0.01 -8"><span class='ocrx_word' id='word_1_277' title='bbox 188 2565 273 2607; x_wconf 81' lang='lat' dir='ltr'>Aut</span> <span class='ocrx_word' id='word_1_278' title='bbox 296 2563 454 2605; x_wconf 84' lang='lat' dir='ltr'>tacitum</span> <span class='ocrx_word' id='word_1_279' title='bbox 479 2559 650 2615; x_wconf 84' lang='lat' dir='ltr'>impellat</span> <span class='ocrx_word' id='word_1_280' title='bbox 670 2558 816 2613; x_wconf 81' lang='lat' dir='ltr'>quovis</span> <span class='ocrx_word' id='word_1_281' title='bbox 841 2557 1040 2612; x_wconf 73' lang='lat' dir='ltr'>sermone?</span> <span class='ocrx_word' id='word_1_282' title='bbox 1064 2554 1269 2597; x_wconf 73' lang='lat' dir='ltr'>molestus!</span> <span class='ocrx_word' id='word_1_283' title='bbox 1374 2605 1378 2607; x_wconf 17' lang='grc' dir='ltr'><strong><em>Δ</em></strong></span> <span class='ocrx_word' id='word_1_284' title='bbox 1399 2554 1451 2608; x_wconf 82' lang='lat'>65</span> 
     </span>
    </p>
   </div>
   <div class='ocr_carea' id='block_1_7' title="bbox 1590 2234 1592 2283">
    <p class='ocr_par' dir='ltr' id='par_1_25' title="bbox 1590 2234 1592 2283">
     <span class='ocr_line' id='line_1_38' title="bbox 1590 2234 1592 2259; baseline 0 0"><span class='ocrx_word' id='word_1_285' title='bbox 1590 2234 1592 2259; x_wconf 64' lang='lat' dir='ltr'><em>A</em></span> 
     </span>
     <span class='ocr_line' id='line_1_39' title="bbox 1590 2265 1592 2283; baseline 0 0"><span class='ocrx_word' id='word_1_286' title='bbox 1590 2265 1592 2283; x_wconf 66' lang='lat' dir='ltr'><em>A</em></span> 
     </span>
    </p>
   </div>
  </div>
 </body>
</html>
