1592 2898
396 210 891 281 cA'RM-INUMJ
938 232 1085 281 ΜΒ.
1137 235 1175 282 1.
1373 253 1433 289 21

163 336 224 379 nt
248 349 313 378 me
341 347 529 381 mentun
552 337 764 393 Dispietas
785 352 908 390 mm,

162 399 215 441 Et
234 398 354 441 Musa
371 401 481 441 condi
501 399 567 442 est.
588 401 668 443 Hic
696 402 765 442 tibi
789 403 907 457 copia

214 463 391 504 Manabit
410 464 460 504 ad
479 464 636 517 plenum
659 465 831 518 benigno
1386 480 1436 524 ¹5

269 523 387 569 Ruris
404 523 608 566 bonnm
632 525 821 578 opulenta
844 537 985 567 cornu.

160 632 241 674 Hic
265 633 308 673 in
329 633 487 680 redu&
511 634 615 675 valle
637 634 839 676 Canimlae

158 695 313 742 ,vitabis
333 695 472 737 aeflus:
498 696 540 736 δι
559 695 636 737 fide
660 696 760 737 Teia

214 757 336 800 Dies
354 758 575 799 laborantes
600 760 640 799 in
661 772 745 800 uno

267 818 488 873 Penelopen
509 821 755 876 vitreamque
775 821 934 869 Circen„
1385 830 1440 860 ²0

159 925 275 967 Hic
263 926 481 969 innocentis
507 927 651 986 pocula
678 927 804 972 Lesbii

161 985 298 1027 Duces
317 985 387 1026 sub
407 977 568 1027 umbra:
591 999 664 1027 nec
683 987 892 1028 Semeleius

214 1047 320 1089 Cum
349 1048 476 1088 Marte
501 1047 712 1095 confundet
734 1049 960 1100 Thyoneus

269 1110 431 1153 Proelia:
456 1123 529 1152 nec
552 1122 701 1151 metues
725 1123 959 1164 protervum

162 1207 345 1263 Suspecta
366 1208 549 1261 Cyrum,
576 1221 626 1249 ne
646 1209 747 1249 male
769 1207 953 1263 dispari
986 1251 1001 1257 ,
1380 1221 1434 1265 25

166 1270 456 1311 lucontinentoe
484 1270 632 1322 injiciat
653 1283 815 1318 manin,

218 1329 270 1372 Et
289 1329 430 1371 scindat
458 1331 668 1372 haerentem
697 1344 888 1372 coronam

269 1391 477 1443 Crinibus,
496 1394 808 1449 immeritamque
836 1393 1003 1438 vestem.

540 1568 724 1633 ODE
783 1571 1051 1617 XVI-II.

499 1706 543 1747 A
579 1706 622 1747 D
698 1707 740 1748 V
781 1706 821 1747 A
858 1706 902 1747 R,
938 1708 979 1749 U
1019 1707 1090 1749 Ma

539 1834 1040 1887 Lause-vimpoiumviaei.

162 1931 412 2009 Numam,
437 1961 572 2007 Vare,
596 1959 701 2000 sacra
723 1960 808 2000 vite
826 1960 934 2013 prius
959 1959 1101 2001 severis
1124 1960 1303 2003 arborem

164 2024 282 2065 Circa
304 2024 396 2064 mite
421 2022 548 2063 solum
571 2021 730 2066 Tiburis
754 2022 797 2062 δι
818 2022 961 2061 moenia
981 2020 1112 2062 Catili.

162 2085 282 2127 Siccis
298 2086 430 2126 omnia
453 2097 542 2124 nam
565 2085 661 2124 dura
683 2083 794 2124 Deus
822 2082 1054 2136 proposuit:
1078 2097 1225 2139 neque-

165 2145 375 2186 mordaces
399 2145 508 2185 aliter
534 2143 743 2197 diffugiunt
768 2143 1053 2185 sonicitudinae.

165 2206 275 2259 Quis
293 2206 380 2259 post
392 2207 484 2247 vina
504 2219 666 2261 gravem
690 2205 864 2246 militiam
887 2218 955 2246 aut
981 2209 1203 2262 pauperiem
1227 2209 1382 2261 crepat?
1412 2221 1432 2262 ς

165 2268 275 2320 Quis
295 2280 375 2307 nou
394 2279 433 2308 te
449 2269 600 2322 potius,
619 2269 771 2309 Bacche
789 2280 909 2321 pater,
925 2280 1065 2322 teque,
1086 2270 1227 2310 decens
1241 2270 1404 2312 Venus?

166 2329 223 2368 At
237 2357 252 2374 ‚
273 2340 323 2367 ne
350 2328 436 2381 quis
456 2329 597 2369 modici
620 2328 803 2368 transiliat
830 2342 991 2370 munera
1023 2330 1177 2377 Liberi,

165 2387 385 2428 Centaurea
410 2401 544 2429 monet
567 2403 656 2430 cum
682 2390 853 2443 Lapithis
879 2392 966 2431 rixa
986 2390 1100 2442 super
1121 2405 1232 2433 mero

165 2448 398 2497 Debellata3
443 2453 587 2490 monet·
601 2451 787 2492 Sithoniis
810 2465 890 2493 non
908 2452 1008 2492 levis
1027 2452 1148 2493 Evius
1160 2482 1172 2501 ,

164 2509 270 2552 Cum
296 2509 354 2552 fas
384 2522 502 2566 atque
520 2511 627 2554 nefas
648 2516 791 2568 exiguo
819 2513 898 2555 fine
923 2515 1127 2556 libidinum
1385 2529 1436 2557 10
