<?xml version="1.0" encoding="UTF-8"?>
<!DOCTYPE html PUBLIC "-//W3C//DTD XHTML 1.0 Transitional//EN"
    "http://www.w3.org/TR/xhtml1/DTD/xhtml1-transitional.dtd">
<html xmlns="http://www.w3.org/1999/xhtml" xml:lang="en" lang="en">
 <head>
  <title>
</title>
<meta http-equiv="Content-Type" content="text/html;charset=utf-8" />
  <meta name='ocr-system' content='tesseract 3.04.00' />
  <meta name='ocr-capabilities' content='ocr_page ocr_carea ocr_par ocr_line ocrx_word'/>
</head>
<body>
  <div class='ocr_page' id='page_1' title='image "./operaadoptimased00horauoft_0268.png"; bbox 0 0 1592 2898; ppageno 0'>
   <div class='ocr_carea' id='block_1_1' title="bbox 230 276 1292 347">
    <p class='ocr_par' dir='ltr' id='par_1_1' title="bbox 230 276 1292 347">
     <span class='ocr_line' id='line_1_1' title="bbox 230 276 1292 347; baseline 0.006 -22"><span class='ocrx_word' id='word_1_1' title='bbox 230 276 322 336; x_wconf 81' lang='lat'>164</span> <span class='ocrx_word' id='word_1_2' title='bbox 438 278 500 347; x_wconf 75' lang='lat' dir='ltr'>Q.</span> <span class='ocrx_word' id='word_1_3' title='bbox 555 276 936 327; x_wconf 78' lang='lat' dir='ltr'>HORATII</span> <span class='ocrx_word' id='word_1_4' title='bbox 982 281 1292 331; x_wconf 84' lang='lat' dir='ltr'>FLACCI</span> 
     </span>
    </p>
   </div>
   <div class='ocr_carea' id='block_1_2' title="bbox 184 382 1569 2625">
    <p class='ocr_par' dir='ltr' id='par_1_2' title="bbox 222 382 1236 441">
     <span class='ocr_line' id='line_1_2' title="bbox 222 382 1236 441; baseline 0.009 -18"><span class='ocrx_word' id='word_1_5' title='bbox 222 382 453 438; x_wconf 87' lang='lat' dir='ltr'>Pugnabant</span> <span class='ocrx_word' id='word_1_6' title='bbox 474 384 589 425; x_wconf 88' lang='lat' dir='ltr'>armis</span> <span class='ocrx_word' id='word_1_7' title='bbox 603 416 614 434; x_wconf 93' lang='lat'>,</span> <span class='ocrx_word' id='word_1_8' title='bbox 634 399 724 440; x_wconf 82' lang='lat' dir='ltr'>quae</span> <span class='ocrx_word' id='word_1_9' title='bbox 743 382 828 439; x_wconf 90' lang='lat' dir='ltr'>post</span> <span class='ocrx_word' id='word_1_10' title='bbox 844 385 1103 430; x_wconf 82' lang='lat' dir='ltr'>fabricaverat</span> <span class='ocrx_word' id='word_1_11' title='bbox 1125 389 1236 441; x_wconf 76' lang='lat' dir='ltr'>usus;</span> 
     </span>
    </p>

    <p class='ocr_par' dir='ltr' id='par_1_3' title="bbox 224 445 1300 564">
     <span class='ocr_line' id='line_1_3' title="bbox 225 445 1300 504; baseline 0.007 -18"><span class='ocrx_word' id='word_1_12' title='bbox 225 445 370 487; x_wconf 91' lang='lat' dir='ltr'>Donec</span> <span class='ocrx_word' id='word_1_13' title='bbox 390 447 537 498; x_wconf 82' lang='lat' dir='ltr'>verba,</span> <span class='ocrx_word' id='word_1_14' title='bbox 564 447 706 501; x_wconf 87' lang='lat' dir='ltr'>quibus</span> <span class='ocrx_word' id='word_1_15' title='bbox 727 461 854 490; x_wconf 61' lang='lat' dir='ltr'>‘voces</span> <span class='ocrx_word' id='word_1_16' title='bbox 873 447 1077 504; x_wconf 85' lang='lat' dir='ltr'>sensusque</span> <span class='ocrx_word' id='word_1_17' title='bbox 1096 463 1300 504; x_wconf 86' lang='lat' dir='ltr'>notarent,</span> 
     </span>
     <span class='ocr_line' id='line_1_4' title="bbox 224 508 1218 564; baseline 0.006 -15"><span class='ocrx_word' id='word_1_18' title='bbox 224 508 473 561; x_wconf 88' lang='lat' dir='ltr'>Nominaque</span> <span class='ocrx_word' id='word_1_19' title='bbox 496 508 704 549; x_wconf 86' lang='lat' dir='ltr'>invenere:</span> <span class='ocrx_word' id='word_1_20' title='bbox 729 510 868 551; x_wconf 85' lang='lat' dir='ltr'>debinc</span> <span class='ocrx_word' id='word_1_21' title='bbox 890 509 1067 553; x_wconf 66' lang='lat' dir='ltr'>absistere</span> <span class='ocrx_word' id='word_1_22' title='bbox 1089 511 1218 564; x_wconf 86' lang='lat' dir='ltr'>bello,</span> 
     </span>
    </p>

    <p class='ocr_par' dir='ltr' id='par_1_4' title="bbox 223 568 1492 690">
     <span class='ocr_line' id='line_1_5' title="bbox 224 568 1492 630; baseline 0.006 -21"><span class='ocrx_word' id='word_1_23' title='bbox 224 568 384 624; x_wconf 89' lang='lat' dir='ltr'>Oppida</span> <span class='ocrx_word' id='word_1_24' title='bbox 405 582 608 625; x_wconf 86' lang='lat' dir='ltr'>coeperunt</span> <span class='ocrx_word' id='word_1_25' title='bbox 631 573 808 622; x_wconf 88' lang='lat' dir='ltr'>munire,</span> <span class='ocrx_word' id='word_1_26' title='bbox 834 572 876 614; x_wconf 78' lang='grc' dir='ltr'>δι</span> <span class='ocrx_word' id='word_1_27' title='bbox 903 586 1053 628; x_wconf 87' lang='lat' dir='ltr'>ponere</span> <span class='ocrx_word' id='word_1_28' title='bbox 1076 575 1203 628; x_wconf 89' lang='lat' dir='ltr'>leges,</span> <span class='ocrx_word' id='word_1_29' title='bbox 1422 587 1492 630; x_wconf 81' lang='lat'>105</span> 
     </span>
     <span class='ocr_line' id='line_1_6' title="bbox 223 630 1256 690; baseline 0.006 -19"><span class='ocrx_word' id='word_1_30' title='bbox 223 630 287 672; x_wconf 88' lang='lat' dir='ltr'>Ne</span> <span class='ocrx_word' id='word_1_31' title='bbox 306 632 391 685; x_wconf 90' lang='lat' dir='ltr'>quis</span> <span class='ocrx_word' id='word_1_32' title='bbox 412 632 475 673; x_wconf 90' lang='lat' dir='ltr'>fur</span> <span class='ocrx_word' id='word_1_33' title='bbox 500 632 617 681; x_wconf 71' lang='lat' dir='ltr'>esset,</span> <span class='ocrx_word' id='word_1_34' title='bbox 646 647 723 674; x_wconf 90' lang='lat' dir='ltr'>neu</span> <span class='ocrx_word' id='word_1_35' title='bbox 749 635 871 684; x_wconf 83' lang='lat' dir='ltr'>latro,</span> <span class='ocrx_word' id='word_1_36' title='bbox 892 647 968 675; x_wconf 88' lang='lat' dir='ltr'>neu</span> <span class='ocrx_word' id='word_1_37' title='bbox 986 636 1075 690; x_wconf 83' lang='lat' dir='ltr'>&#39;quis</span> <span class='ocrx_word' id='word_1_38' title='bbox 1098 636 1256 678; x_wconf 79' lang='lat' dir='ltr'><strong>adulter.</strong></span> 
     </span>
    </p>

    <p class='ocr_par' dir='ltr' id='par_1_5' title="bbox 223 692 1258 739">
     <span class='ocr_line' id='line_1_7' title="bbox 223 692 1258 739; baseline 0.006 -6"><span class='ocrx_word' id='word_1_39' title='bbox 223 692 326 734; x_wconf 89' lang='lat' dir='ltr'>Nam</span> <span class='ocrx_word' id='word_1_40' title='bbox 352 695 426 736; x_wconf 86' lang='lat' dir='ltr'>fuit</span> <span class='ocrx_word' id='word_1_41' title='bbox 444 706 532 736; x_wconf 87' lang='lat' dir='ltr'>ante</span> <span class='ocrx_word' id='word_1_42' title='bbox 554 695 743 736; x_wconf 80' lang='lat' dir='ltr'>Helenam</span> <span class='ocrx_word' id='word_1_43' title='bbox 770 708 919 736; x_wconf 89' lang='lat' dir='ltr'>cunnus</span> <span class='ocrx_word' id='word_1_44' title='bbox 945 698 1142 738; x_wconf 88' lang='lat' dir='ltr'>teterrima</span> <span class='ocrx_word' id='word_1_45' title='bbox 1167 698 1258 739; x_wconf 90' lang='lat' dir='ltr'>belli</span> 
     </span>
    </p>

    <p class='ocr_par' dir='ltr' id='par_1_6' title="bbox 224 752 1152 810">
     <span class='ocr_line' id='line_1_8' title="bbox 224 752 1152 810; baseline 0.005 -17"><span class='ocrx_word' id='word_1_46' title='bbox 224 752 373 795; x_wconf 85' lang='lat' dir='ltr'>Causa:</span> <span class='ocrx_word' id='word_1_47' title='bbox 399 755 460 797; x_wconf 89' lang='lat' dir='ltr'>sed</span> <span class='ocrx_word' id='word_1_48' title='bbox 483 756 625 809; x_wconf 87' lang='lat' dir='ltr'>ignotis</span> <span class='ocrx_word' id='word_1_49' title='bbox 642 756 838 810; x_wconf 86' lang='lat' dir='ltr'>perierunt</span> <span class='ocrx_word' id='word_1_50' title='bbox 863 757 1053 798; x_wconf 85' lang='lat' dir='ltr'>mortibus</span> <span class='ocrx_word' id='word_1_51' title='bbox 1073 757 1152 807; x_wconf 85' lang='lat' dir='ltr'>illi,</span> 
     </span>
    </p>

    <p class='ocr_par' dir='ltr' id='par_1_7' title="bbox 223 814 1495 996">
     <span class='ocr_line' id='line_1_9' title="bbox 225 814 1387 874; baseline 0.008 -18"><span class='ocrx_word' id='word_1_52' title='bbox 225 814 373 868; x_wconf 87' lang='lat' dir='ltr'>Quos,</span> <span class='ocrx_word' id='word_1_53' title='bbox 392 817 589 860; x_wconf 85' lang='lat' dir='ltr'>Venerem</span> <span class='ocrx_word' id='word_1_54' title='bbox 610 818 795 859; x_wconf 83' lang='lat' dir='ltr'>incertam</span> <span class='ocrx_word' id='word_1_55' title='bbox 819 819 1031 874; x_wconf 83' lang='lat' dir='ltr'>rapientes,</span> <span class='ocrx_word' id='word_1_56' title='bbox 1057 833 1168 862; x_wconf 83' lang='lat' dir='ltr'>more</span> <span class='ocrx_word' id='word_1_57' title='bbox 1196 821 1387 872; x_wconf 85' lang='lat' dir='ltr'>ferarum,</span> 
     </span>
     <span class='ocr_line' id='line_1_10' title="bbox 225 877 1495 935; baseline 0.007 -19"><span class='ocrx_word' id='word_1_58' title='bbox 225 877 388 920; x_wconf 85' lang='lat' dir='ltr'>Viribus</span> <span class='ocrx_word' id='word_1_59' title='bbox 406 880 545 921; x_wconf 87' lang='lat' dir='ltr'>editior</span> <span class='ocrx_word' id='word_1_60' title='bbox 565 881 737 922; x_wconf 85' lang='lat' dir='ltr'>caedebat</span> <span class='ocrx_word' id='word_1_61' title='bbox 752 911 765 928; x_wconf 92' lang='lat'>‚</span> <span class='ocrx_word' id='word_1_62' title='bbox 784 892 828 922; x_wconf 94' lang='lat' dir='ltr'>ut</span> <span class='ocrx_word' id='word_1_63' title='bbox 854 882 894 923; x_wconf 91' lang='lat' dir='ltr'>in</span> <span class='ocrx_word' id='word_1_64' title='bbox 918 894 1034 935; x_wconf 86' lang='lat' dir='ltr'>grege</span> <span class='ocrx_word' id='word_1_65' title='bbox 1054 894 1199 924; x_wconf 85' lang='lat' dir='ltr'>taurus.</span> <span class='ocrx_word' id='word_1_66' title='bbox 1418 897 1434 924; x_wconf 86' lang='lat'>1</span> <span class='ocrx_word' id='word_1_67' title='bbox 1446 897 1495 926; x_wconf 79' lang='lat' dir='ltr'>xo</span> 
     </span>
     <span class='ocr_line' id='line_1_11' title="bbox 223 940 1227 996; baseline 0.006 -15"><span class='ocrx_word' id='word_1_68' title='bbox 223 940 319 981; x_wconf 84' lang='lat' dir='ltr'>Jura</span> <span class='ocrx_word' id='word_1_69' title='bbox 337 941 494 983; x_wconf 87' lang='lat' dir='ltr'>inventa</span> <span class='ocrx_word' id='word_1_70' title='bbox 516 953 622 983; x_wconf 86' lang='lat' dir='ltr'>metu</span> <span class='ocrx_word' id='word_1_71' title='bbox 649 942 781 996; x_wconf 82' lang='lat' dir='ltr'>injusti</span> <span class='ocrx_word' id='word_1_72' title='bbox 809 943 952 985; x_wconf 83' lang='lat' dir='ltr'>fateare</span> <span class='ocrx_word' id='word_1_73' title='bbox 978 945 1126 987; x_wconf 81' lang='lat' dir='ltr'>necess&#39;e</span> <span class='ocrx_word' id='word_1_74' title='bbox 1146 946 1227 996; x_wconf 82' lang='lat' dir='ltr'>est,</span> 
     </span>
    </p>

    <p class='ocr_par' dir='ltr' id='par_1_8' title="bbox 215 1002 1190 1061">
     <span class='ocr_line' id='line_1_12' title="bbox 215 1002 1190 1061; baseline 0.006 -17"><span class='ocrx_word' id='word_1_75' title='bbox 215 1002 429 1061; x_wconf 16' lang='lat' dir='ltr'>*Tempora</span> <span class='ocrx_word' id='word_1_76' title='bbox 446 1004 474 1044; x_wconf 71' lang='lat' dir='ltr'>st</span> <span class='ocrx_word' id='word_1_77' title='bbox 495 1004 688 1058; x_wconf 85' lang='lat' dir='ltr'>fastosque</span> <span class='ocrx_word' id='word_1_78' title='bbox 710 1006 806 1046; x_wconf 87' lang='lat' dir='ltr'>velis</span> <span class='ocrx_word' id='word_1_79' title='bbox 828 1006 1018 1049; x_wconf 89' lang='lat' dir='ltr'>evolvere</span> <span class='ocrx_word' id='word_1_80' title='bbox 1037 1009 1190 1051; x_wconf 80' lang='lat' dir='ltr'>mundi:</span> 
     </span>
    </p>

    <p class='ocr_par' dir='ltr' id='par_1_9' title="bbox 223 1063 1189 1122">
     <span class='ocr_line' id='line_1_13' title="bbox 223 1063 1189 1122; baseline 0.005 -18"><span class='ocrx_word' id='word_1_81' title='bbox 223 1063 310 1105; x_wconf 88' lang='lat' dir='ltr'>Nec</span> <span class='ocrx_word' id='word_1_82' title='bbox 331 1076 471 1106; x_wconf 83' lang='lat' dir='ltr'>natura</span> <span class='ocrx_word' id='word_1_83' title='bbox 496 1065 622 1118; x_wconf 87' lang='lat' dir='ltr'>potest</span> <span class='ocrx_word' id='word_1_84' title='bbox 649 1065 752 1118; x_wconf 86' lang='lat' dir='ltr'>justo</span> <span class='ocrx_word' id='word_1_85' title='bbox 770 1065 967 1108; x_wconf 90' lang='lat' dir='ltr'>secernere</span> <span class='ocrx_word' id='word_1_86' title='bbox 977 1067 1160 1122; x_wconf 68' lang='lat' dir='ltr'>&#39;iniquum</span> <span class='ocrx_word' id='word_1_87' title='bbox 1175 1098 1189 1119; x_wconf 90' lang='lat'>,</span> 
     </span>
    </p>

    <p class='ocr_par' dir='ltr' id='par_1_10' title="bbox 224 1124 1190 1183">
     <span class='ocr_line' id='line_1_14' title="bbox 224 1124 1190 1183; baseline 0.006 -17"><span class='ocrx_word' id='word_1_88' title='bbox 224 1124 378 1168; x_wconf 87' lang='lat' dir='ltr'>Dividit</span> <span class='ocrx_word' id='word_1_89' title='bbox 395 1139 439 1169; x_wconf 92' lang='lat' dir='ltr'>ut</span> <span class='ocrx_word' id='word_1_90' title='bbox 456 1128 561 1169; x_wconf 86' lang='lat' dir='ltr'>bona</span> <span class='ocrx_word' id='word_1_91' title='bbox 584 1127 767 1178; x_wconf 72' lang='lat' dir='ltr'>diversis,</span> <span class='ocrx_word' id='word_1_92' title='bbox 789 1128 972 1182; x_wconf 89' lang='lat' dir='ltr'>fugienda</span> <span class='ocrx_word' id='word_1_93' title='bbox 994 1131 1190 1183; x_wconf 85' lang='lat' dir='ltr'>petendis:</span> 
     </span>
    </p>

    <p class='ocr_par' dir='ltr' id='par_1_11' title="bbox 224 1186 1495 1309">
     <span class='ocr_line' id='line_1_15' title="bbox 224 1186 1495 1250; baseline 0.002 -16"><span class='ocrx_word' id='word_1_94' title='bbox 224 1192 310 1234; x_wconf 90' lang='lat' dir='ltr'>Nec</span> <span class='ocrx_word' id='word_1_95' title='bbox 328 1192 462 1233; x_wconf 85' lang='lat' dir='ltr'>vincet</span> <span class='ocrx_word' id='word_1_96' title='bbox 475 1192 577 1233; x_wconf 90' lang='lat' dir='ltr'>ratio</span> <span class='ocrx_word' id='word_1_97' title='bbox 595 1192 694 1240; x_wconf 86' lang='lat' dir='ltr'>hoc,</span> <span class='ocrx_word' id='word_1_98' title='bbox 716 1192 940 1233; x_wconf 86' lang='lat' dir='ltr'>tantundem</span> <span class='ocrx_word' id='word_1_99' title='bbox 957 1201 1002 1233; x_wconf 94' lang='lat' dir='ltr'>ut</span> <span class='ocrx_word' id='word_1_100' title='bbox 1020 1186 1152 1245; x_wconf 82' lang='lat' dir='ltr'>peccet</span> <span class='ocrx_word' id='word_1_101' title='bbox 1165 1193 1342 1250; x_wconf 86' lang='lat' dir='ltr'>idemque</span> <span class='ocrx_word' id='word_1_102' title='bbox 1422 1208 1438 1236; x_wconf 86' lang='lat'>1</span> <span class='ocrx_word' id='word_1_103' title='bbox 1450 1207 1495 1250; x_wconf 76' lang='grc' dir='ltr'>ις</span> 
     </span>
     <span class='ocr_line' id='line_1_16' title="bbox 225 1254 1106 1309; baseline -0.002 -12"><span class='ocrx_word' id='word_1_104' title='bbox 225 1254 315 1309; x_wconf 84' lang='lat' dir='ltr'>Qui</span> <span class='ocrx_word' id='word_1_105' title='bbox 331 1266 488 1296; x_wconf 85' lang='lat' dir='ltr'>teneros</span> <span class='ocrx_word' id='word_1_106' title='bbox 508 1255 635 1296; x_wconf 83' lang='lat' dir='ltr'>caules</span> <span class='ocrx_word' id='word_1_107' title='bbox 661 1255 774 1295; x_wconf 87' lang='lat' dir='ltr'>alieni</span> <span class='ocrx_word' id='word_1_108' title='bbox 796 1254 952 1308; x_wconf 85' lang='lat' dir='ltr'>fregerit</span> <span class='ocrx_word' id='word_1_109' title='bbox 977 1255 1106 1304; x_wconf 88' lang='lat' dir='ltr'>horti,</span> 
     </span>
    </p>

    <p class='ocr_par' dir='ltr' id='par_1_12' title="bbox 226 1316 1209 1373">
     <span class='ocr_line' id='line_1_17' title="bbox 226 1316 1209 1373; baseline 0 -15"><span class='ocrx_word' id='word_1_110' title='bbox 226 1316 277 1359; x_wconf 90' lang='lat' dir='ltr'>Et</span> <span class='ocrx_word' id='word_1_111' title='bbox 298 1319 368 1373; x_wconf 90' lang='lat' dir='ltr'>qui</span> <span class='ocrx_word' id='word_1_112' title='bbox 390 1318 603 1360; x_wconf 69' lang='lat' dir='ltr'>noflurnus</span> <span class='ocrx_word' id='word_1_113' title='bbox 624 1317 778 1359; x_wconf 73' lang='lat' dir='ltr'>Divfim</span> <span class='ocrx_word' id='word_1_114' title='bbox 800 1316 903 1359; x_wconf 89' lang='lat' dir='ltr'>sacra</span> <span class='ocrx_word' id='word_1_115' title='bbox 926 1318 1075 1372; x_wconf 87' lang='lat' dir='ltr'>legerit.</span> <span class='ocrx_word' id='word_1_116' title='bbox 1097 1316 1209 1358; x_wconf 84' lang='lat' dir='ltr'>Adfit</span> 
     </span>
    </p>

    <p class='ocr_par' dir='ltr' id='par_1_13' title="bbox 225 1379 1198 1434">
     <span class='ocr_line' id='line_1_18' title="bbox 225 1379 1198 1434; baseline -0.001 -14"><span class='ocrx_word' id='word_1_117' title='bbox 225 1379 399 1433; x_wconf 88' lang='lat' dir='ltr'>Regula,</span> <span class='ocrx_word' id='word_1_118' title='bbox 422 1380 587 1434; x_wconf 88' lang='lat' dir='ltr'>peccatis</span> <span class='ocrx_word' id='word_1_119' title='bbox 612 1393 702 1433; x_wconf 87' lang='lat' dir='ltr'>quae</span> <span class='ocrx_word' id='word_1_120' title='bbox 722 1393 860 1432; x_wconf 84' lang='lat' dir='ltr'>poenas</span> <span class='ocrx_word' id='word_1_121' title='bbox 875 1379 1023 1433; x_wconf 76' lang='lat' dir='ltr'>irroget</span> <span class='ocrx_word' id='word_1_122' title='bbox 1043 1392 1198 1433; x_wconf 87' lang='lat' dir='ltr'>aequas:</span> 
     </span>
    </p>

    <p class='ocr_par' dir='ltr' id='par_1_14' title="bbox 225 1441 1201 1495">
     <span class='ocr_line' id='line_1_19' title="bbox 225 1441 1201 1495; baseline 0 -13"><span class='ocrx_word' id='word_1_123' title='bbox 225 1442 289 1482; x_wconf 88' lang='lat' dir='ltr'>Ne</span> <span class='ocrx_word' id='word_1_124' title='bbox 308 1442 449 1483; x_wconf 89' lang='lat' dir='ltr'>scutica</span> <span class='ocrx_word' id='word_1_125' title='bbox 466 1443 622 1495; x_wconf 86' lang='lat' dir='ltr'>dignum</span> <span class='ocrx_word' id='word_1_126' title='bbox 637 1472 648 1489; x_wconf 92' lang='lat'>,</span> <span class='ocrx_word' id='word_1_127' title='bbox 674 1441 847 1482; x_wconf 76' lang='lat' dir='ltr'>horribili</span> <span class='ocrx_word' id='word_1_128' title='bbox 871 1441 1014 1482; x_wconf 66' lang='lat' dir='ltr'>sectere</span> <span class='ocrx_word' id='word_1_129' title='bbox 1035 1441 1201 1495; x_wconf 85' lang='lat' dir='ltr'>flagello.</span> 
     </span>
    </p>

    <p class='ocr_par' dir='ltr' id='par_1_15' title="bbox 224 1497 1569 1620">
     <span class='ocr_line' id='line_1_20' title="bbox 228 1497 1569 1557; baseline 0.001 -12"><span class='ocrx_word' id='word_1_130' title='bbox 228 1504 357 1554; x_wconf 88' lang='lat' dir='ltr'>Nam,</span> <span class='ocrx_word' id='word_1_131' title='bbox 380 1515 424 1545; x_wconf 93' lang='lat' dir='ltr'>ut</span> <span class='ocrx_word' id='word_1_132' title='bbox 446 1503 568 1545; x_wconf 78' lang='lat' dir='ltr'>ferula</span> <span class='ocrx_word' id='word_1_133' title='bbox 588 1504 713 1544; x_wconf 85' lang='lat' dir='ltr'>caedas</span> <span class='ocrx_word' id='word_1_134' title='bbox 739 1505 917 1545; x_wconf 87' lang='lat' dir='ltr'>meritum</span> <span class='ocrx_word' id='word_1_135' title='bbox 940 1503 1087 1557; x_wconf 86' lang='lat' dir='ltr'>majora</span> <span class='ocrx_word' id='word_1_136' title='bbox 1109 1497 1236 1545; x_wconf 75' lang='lat' dir='ltr'>subire</span> <span class='ocrx_word' id='word_1_137' title='bbox 1422 1516 1499 1546; x_wconf 82' lang='lat'>¹20</span> <span class='ocrx_word' id='word_1_138' title='bbox 1566 1548 1569 1550; x_wconf 79' lang='lat'><em>.</em></span> 
     </span>
     <span class='ocr_line' id='line_1_21' title="bbox 224 1565 1292 1620; baseline 0 -12"><span class='ocrx_word' id='word_1_139' title='bbox 224 1567 428 1618; x_wconf 86' lang='lat' dir='ltr'>Verbera,</span> <span class='ocrx_word' id='word_1_140' title='bbox 455 1579 724 1620; x_wconf 30' lang='lat' dir='ltr'>n10n,vereor;</span> <span class='ocrx_word' id='word_1_141' title='bbox 749 1579 838 1607; x_wconf 91' lang='lat' dir='ltr'>cum</span> <span class='ocrx_word' id='word_1_142' title='bbox 865 1568 970 1607; x_wconf 85' lang='lat' dir='ltr'>dicas</span> <span class='ocrx_word' id='word_1_143' title='bbox 994 1565 1070 1607; x_wconf 81' lang='lat' dir='ltr'>effe</span> <span class='ocrx_word' id='word_1_144' title='bbox 1097 1579 1206 1620; x_wconf 88' lang='lat' dir='ltr'>pares</span> <span class='ocrx_word' id='word_1_145' title='bbox 1230 1579 1292 1608; x_wconf 88' lang='lat' dir='ltr'>res</span> 
     </span>
    </p>

    <p class='ocr_par' dir='ltr' id='par_1_16' title="bbox 184 1629 1189 1686">
     <span class='ocr_line' id='line_1_22' title="bbox 184 1629 1189 1686; baseline -0.001 -15"><span class='ocrx_word' id='word_1_146' title='bbox 184 1678 191 1686; x_wconf 20' lang='lat' dir='ltr'>N</span> <span class='ocrx_word' id='word_1_147' title='bbox 225 1629 347 1671; x_wconf 81' lang='lat' dir='ltr'>Furta</span> <span class='ocrx_word' id='word_1_148' title='bbox 370 1629 604 1677; x_wconf 88' lang='lat' dir='ltr'>latrociniis,</span> <span class='ocrx_word' id='word_1_149' title='bbox 631 1630 674 1670; x_wconf 76' lang='grc' dir='ltr'>δι</span> <span class='ocrx_word' id='word_1_150' title='bbox 693 1629 838 1682; x_wconf 86' lang='lat' dir='ltr'>magnis</span> <span class='ocrx_word' id='word_1_151' title='bbox 864 1641 985 1681; x_wconf 87' lang='lat' dir='ltr'>parva</span> <span class='ocrx_word' id='word_1_152' title='bbox 1009 1629 1189 1679; x_wconf 82' lang='lat' dir='ltr'>mineris,</span> 
     </span>
    </p>

    <p class='ocr_par' dir='ltr' id='par_1_17' title="bbox 224 1688 1137 1742">
     <span class='ocr_line' id='line_1_23' title="bbox 224 1688 1137 1742; baseline -0.002 -10"><span class='ocrx_word' id='word_1_153' title='bbox 224 1691 343 1732; x_wconf 89' lang='lat' dir='ltr'>Falce</span> <span class='ocrx_word' id='word_1_154' title='bbox 366 1688 576 1732; x_wconf 89' lang='lat' dir='ltr'>recisurum</span> <span class='ocrx_word' id='word_1_155' title='bbox 599 1688 709 1729; x_wconf 86' lang='lat' dir='ltr'>fimili</span> <span class='ocrx_word' id='word_1_156' title='bbox 733 1700 796 1736; x_wconf 88' lang='lat' dir='ltr'>te,</span> <span class='ocrx_word' id='word_1_157' title='bbox 820 1688 850 1728; x_wconf 81' lang='lat' dir='ltr'>sl</span> <span class='ocrx_word' id='word_1_158' title='bbox 874 1689 944 1729; x_wconf 91' lang='lat' dir='ltr'>tibi</span> <span class='ocrx_word' id='word_1_159' title='bbox 972 1701 1137 1742; x_wconf 86' lang='lat' dir='ltr'>regnum</span> 
     </span>
    </p>

    <p class='ocr_par' dir='ltr' id='par_1_18' title="bbox 226 1751 1249 1806">
     <span class='ocr_line' id='line_1_24' title="bbox 226 1751 1249 1806; baseline -0.003 -10"><span class='ocrx_word' id='word_1_160' title='bbox 226 1754 452 1806; x_wconf 78' lang='lat' dir='ltr'>Permittant</span> <span class='ocrx_word' id='word_1_161' title='bbox 473 1752 661 1793; x_wconf 88' lang='lat' dir='ltr'>homines.</span> <span class='ocrx_word' id='word_1_162' title='bbox 686 1752 727 1793; x_wconf 92' lang='lat' dir='ltr'>Si</span> <span class='ocrx_word' id='word_1_163' title='bbox 749 1752 879 1801; x_wconf 89' lang='lat' dir='ltr'>dives,</span> <span class='ocrx_word' id='word_1_164' title='bbox 903 1752 973 1806; x_wconf 88' lang='lat' dir='ltr'>qui</span> <span class='ocrx_word' id='word_1_165' title='bbox 999 1751 1145 1806; x_wconf 85' lang='lat' dir='ltr'>sapiens</span> <span class='ocrx_word' id='word_1_166' title='bbox 1168 1751 1249 1803; x_wconf 82' lang='lat' dir='ltr'>est,</span> 
     </span>
    </p>

    <p class='ocr_par' dir='ltr' id='par_1_19' title="bbox 227 1812 1494 1997">
     <span class='ocr_line' id='line_1_25' title="bbox 227 1812 1494 1870; baseline -0.003 -11"><span class='ocrx_word' id='word_1_167' title='bbox 227 1817 279 1859; x_wconf 87' lang='lat' dir='ltr'>Et</span> <span class='ocrx_word' id='word_1_168' title='bbox 298 1816 404 1858; x_wconf 91' lang='lat' dir='ltr'>sutor</span> <span class='ocrx_word' id='word_1_169' title='bbox 423 1817 573 1864; x_wconf 90' lang='lat' dir='ltr'>bonus,</span> <span class='ocrx_word' id='word_1_170' title='bbox 595 1816 638 1855; x_wconf 78' lang='grc' dir='ltr'>δι</span> <span class='ocrx_word' id='word_1_171' title='bbox 654 1814 757 1855; x_wconf 91' lang='lat' dir='ltr'>solus</span> <span class='ocrx_word' id='word_1_172' title='bbox 774 1812 991 1862; x_wconf 84' lang='lat' dir='ltr'>formosus,</span> <span class='ocrx_word' id='word_1_173' title='bbox 1012 1814 1055 1855; x_wconf 76' lang='grc' dir='ltr'>δι</span> <span class='ocrx_word' id='word_1_174' title='bbox 1076 1812 1131 1855; x_wconf 80' lang='lat' dir='ltr'>est</span> <span class='ocrx_word' id='word_1_175' title='bbox 1147 1827 1240 1864; x_wconf 86' lang='lat' dir='ltr'>rex;</span> <span class='ocrx_word' id='word_1_176' title='bbox 1419 1825 1494 1870; x_wconf 78' lang='lat'>¹25</span> 
     </span>
     <span class='ocr_line' id='line_1_26' title="bbox 227 1877 1461 1935; baseline -0.002 -11"><span class='ocrx_word' id='word_1_177' title='bbox 227 1881 314 1924; x_wconf 91' lang='lat' dir='ltr'>Cur</span> <span class='ocrx_word' id='word_1_178' title='bbox 330 1892 443 1935; x_wconf 87' lang='lat' dir='ltr'>optas</span> <span class='ocrx_word' id='word_1_179' title='bbox 461 1880 567 1935; x_wconf 89' lang='lat' dir='ltr'>quod</span> <span class='ocrx_word' id='word_1_180' title='bbox 583 1880 722 1921; x_wconf 87' lang='lat' dir='ltr'>habes?</span> <span class='ocrx_word' id='word_1_181' title='bbox 738 1902 783 1911; x_wconf 95' lang='lat'>—</span> <span class='ocrx_word' id='word_1_182' title='bbox 799 1879 892 1920; x_wconf 89' lang='lat' dir='ltr'>Non</span> <span class='ocrx_word' id='word_1_183' title='bbox 911 1877 1009 1919; x_wconf 86' lang='lat' dir='ltr'>nosti</span> <span class='ocrx_word' id='word_1_184' title='bbox 1021 1908 1034 1927; x_wconf 92' lang='lat'>‚</span> <span class='ocrx_word' id='word_1_185' title='bbox 1048 1879 1140 1934; x_wconf 86' lang='lat' dir='ltr'>quid</span> <span class='ocrx_word' id='word_1_186' title='bbox 1161 1891 1289 1934; x_wconf 89' lang='lat' dir='ltr'>pater,</span> <span class='ocrx_word' id='word_1_187' title='bbox 1312 1877 1461 1935; x_wconf 83' lang='lat' dir='ltr'>inquit,</span> 
     </span>
     <span class='ocr_line' id='line_1_27' title="bbox 227 1938 1287 1997; baseline -0.007 -12"><span class='ocrx_word' id='word_1_188' title='bbox 227 1943 475 1997; x_wconf 78' lang='lat' dir='ltr'>Chrysippus</span> <span class='ocrx_word' id='word_1_189' title='bbox 492 1942 613 1983; x_wconf 91' lang='lat' dir='ltr'>dicat:</span> <span class='ocrx_word' id='word_1_190' title='bbox 630 1941 790 1995; x_wconf 85' lang='lat' dir='ltr'>Sapiens</span> <span class='ocrx_word' id='word_1_191' title='bbox 810 1940 984 1993; x_wconf 85' lang='lat' dir='ltr'>crepidas</span> <span class='ocrx_word' id='word_1_192' title='bbox 1001 1938 1068 1980; x_wconf 82' lang='lat' dir='ltr'>fibi</span> <span class='ocrx_word' id='word_1_193' title='bbox 1086 1951 1287 1993; x_wconf 82' lang='lat' dir='ltr'>nunquam</span> 
     </span>
    </p>

    <p class='ocr_par' dir='ltr' id='par_1_20' title="bbox 226 2001 1389 2058">
     <span class='ocr_line' id='line_1_28' title="bbox 226 2001 1389 2058; baseline -0.007 -9"><span class='ocrx_word' id='word_1_194' title='bbox 226 2008 313 2050; x_wconf 91' lang='lat' dir='ltr'>Nec</span> <span class='ocrx_word' id='word_1_195' title='bbox 330 2002 453 2049; x_wconf 79' lang='lat' dir='ltr'>soleas</span> <span class='ocrx_word' id='word_1_196' title='bbox 471 2005 586 2055; x_wconf 89' lang='lat' dir='ltr'>fecit;</span> <span class='ocrx_word' id='word_1_197' title='bbox 609 2004 718 2046; x_wconf 87' lang='lat' dir='ltr'>sutor</span> <span class='ocrx_word' id='word_1_198' title='bbox 737 2015 865 2045; x_wconf 86' lang='lat' dir='ltr'>tamen</span> <span class='ocrx_word' id='word_1_199' title='bbox 887 2002 941 2044; x_wconf 84' lang='lat' dir='ltr'>est</span> <span class='ocrx_word' id='word_1_200' title='bbox 961 2002 1121 2058; x_wconf 86' lang='lat' dir='ltr'>sapiens.</span> <span class='ocrx_word' id='word_1_201' title='bbox 1143 2023 1189 2034; x_wconf 91' lang='lat'>-—</span> <span class='ocrx_word' id='word_1_202' title='bbox 1205 2001 1330 2056; x_wconf 78' lang='lat' dir='ltr'>Quo?</span> <span class='ocrx_word' id='word_1_203' title='bbox 1342 2024 1389 2035; x_wconf 89' lang='lat'>—</span> 
     </span>
    </p>

    <p class='ocr_par' dir='ltr' id='par_1_21' title="bbox 226 2069 1497 2248">
     <span class='ocr_line' id='line_1_29' title="bbox 226 2069 1375 2125; baseline -0.004 -13"><span class='ocrx_word' id='word_1_204' title='bbox 226 2071 285 2113; x_wconf 88' lang='lat' dir='ltr'>Ut</span> <span class='ocrx_word' id='word_1_205' title='bbox 297 2101 308 2118; x_wconf 92' lang='lat'>,</span> <span class='ocrx_word' id='word_1_206' title='bbox 327 2070 507 2125; x_wconf 85' lang='lat' dir='ltr'>quamvis</span> <span class='ocrx_word' id='word_1_207' title='bbox 524 2079 628 2110; x_wconf 85' lang='lat' dir='ltr'>tacet</span> <span class='ocrx_word' id='word_1_208' title='bbox 647 2069 939 2121; x_wconf 86' lang='lat' dir='ltr'>Hermogenes,</span> <span class='ocrx_word' id='word_1_209' title='bbox 957 2077 1095 2108; x_wconf 85' lang='lat' dir='ltr'>cantor</span> <span class='ocrx_word' id='word_1_210' title='bbox 1109 2074 1238 2107; x_wconf 86' lang='lat' dir='ltr'>tamen</span> <span class='ocrx_word' id='word_1_211' title='bbox 1256 2075 1375 2121; x_wconf 88' lang='lat' dir='ltr'>atque</span> 
     </span>
     <span class='ocr_line' id='line_1_30' title="bbox 228 2127 1497 2186; baseline -0.003 -12"><span class='ocrx_word' id='word_1_212' title='bbox 228 2133 419 2186; x_wconf 82' lang='lat' dir='ltr'>Optimus</span> <span class='ocrx_word' id='word_1_213' title='bbox 439 2131 494 2172; x_wconf 90' lang='lat' dir='ltr'>est</span> <span class='ocrx_word' id='word_1_214' title='bbox 513 2131 759 2177; x_wconf 77' lang='lat' dir='ltr'>modulator3</span> <span class='ocrx_word' id='word_1_215' title='bbox 781 2140 825 2170; x_wconf 92' lang='lat' dir='ltr'>ut</span> <span class='ocrx_word' id='word_1_216' title='bbox 845 2129 1010 2170; x_wconf 86' lang='lat' dir='ltr'>Alfenus</span> <span class='ocrx_word' id='word_1_217' title='bbox 1027 2127 1162 2177; x_wconf 80' lang='lat' dir='ltr'>vafer,-</span> <span class='ocrx_word' id='word_1_218' title='bbox 1183 2128 1302 2170; x_wconf 87' lang='lat' dir='ltr'>omni·</span> <span class='ocrx_word' id='word_1_219' title='bbox 1421 2139 1497 2182; x_wconf 85' lang='lat'>130</span> 
     </span>
     <span class='ocr_line' id='line_1_31' title="bbox 227 2190 1258 2248; baseline -0.007 -11"><span class='ocrx_word' id='word_1_220' title='bbox 227 2194 399 2248; x_wconf 74' lang='lat' dir='ltr'>Abje&amp;0</span> <span class='ocrx_word' id='word_1_221' title='bbox 422 2193 677 2234; x_wconf 80' lang='lat' dir='ltr'>instrumento</span> <span class='ocrx_word' id='word_1_222' title='bbox 697 2192 811 2241; x_wconf 89' lang='lat' dir='ltr'>artis,</span> <span class='ocrx_word' id='word_1_223' title='bbox 839 2190 1043 2244; x_wconf 85' lang='lat' dir='ltr'>clausaque</span> <span class='ocrx_word' id='word_1_224' title='bbox 1067 2190 1258 2238; x_wconf 86' lang='lat' dir='ltr'>taberna,</span> 
     </span>
    </p>

    <p class='ocr_par' dir='ltr' id='par_1_22' title="bbox 228 2250 1211 2308">
     <span class='ocr_line' id='line_1_32' title="bbox 228 2250 1211 2308; baseline -0.008 -9"><span class='ocrx_word' id='word_1_225' title='bbox 228 2257 348 2299; x_wconf 88' lang='lat' dir='ltr'>Sutor</span> <span class='ocrx_word' id='word_1_226' title='bbox 361 2266 475 2306; x_wconf 60' lang='lat' dir='ltr'>⁴erat;</span> <span class='ocrx_word' id='word_1_227' title='bbox 503 2254 651 2308; x_wconf 87' lang='lat' dir='ltr'>sapiens</span> <span class='ocrx_word' id='word_1_228' title='bbox 675 2254 803 2306; x_wconf 90' lang='lat' dir='ltr'>operis</span> <span class='ocrx_word' id='word_1_229' title='bbox 825 2252 875 2294; x_wconf 75' lang='lat' dir='ltr'>stc</span> <span class='ocrx_word' id='word_1_230' title='bbox 895 2253 1068 2305; x_wconf 87' lang='lat' dir='ltr'>optimus</span> <span class='ocrx_word' id='word_1_231' title='bbox 1085 2250 1211 2292; x_wconf 86' lang='lat' dir='ltr'>omnis</span> 
     </span>
    </p>

    <p class='ocr_par' dir='ltr' id='par_1_23' title="bbox 228 2312 1333 2435">
     <span class='ocr_line' id='line_1_33' title="bbox 228 2312 1333 2377; baseline -0.006 -17"><span class='ocrx_word' id='word_1_232' title='bbox 228 2319 294 2360; x_wconf 83' lang='lat' dir='ltr'>Est</span> <span class='ocrx_word' id='word_1_233' title='bbox 316 2317 447 2371; x_wconf 83' lang='lat' dir='ltr'>opifex</span> <span class='ocrx_word' id='word_1_234' title='bbox 469 2317 597 2366; x_wconf 88' lang='lat' dir='ltr'>solus;</span> <span class='ocrx_word' id='word_1_235' title='bbox 620 2316 671 2356; x_wconf 88' lang='lat' dir='ltr'>fic</span> <span class='ocrx_word' id='word_1_236' title='bbox 690 2328 769 2356; x_wconf 89' lang='lat' dir='ltr'>rex.</span> <span class='ocrx_word' id='word_1_237' title='bbox 788 2337 833 2345; x_wconf 89' lang='lat'>—-</span> <span class='ocrx_word' id='word_1_238' title='bbox 848 2314 1011 2354; x_wconf 73' lang='lat' dir='ltr'>Veilunt</span> <span class='ocrx_word' id='word_1_239' title='bbox 1034 2314 1102 2353; x_wconf 89' lang='lat' dir='ltr'>tibi</span> <span class='ocrx_word' id='word_1_240' title='bbox 1119 2312 1279 2354; x_wconf 85' lang='lat' dir='ltr'>barbam</span> <span class='ocrx_word' id='word_1_241' title='bbox 1322 2364 1333 2377; x_wconf 48' lang='grc' dir='ltr'>Ο</span> 
     </span>
     <span class='ocr_line' id='line_1_34' title="bbox 228 2377 1120 2435; baseline -0.008 -12"><span class='ocrx_word' id='word_1_242' title='bbox 228 2382 378 2424; x_wconf 87' lang='lat' dir='ltr'>Lascivi</span> <span class='ocrx_word' id='word_1_243' title='bbox 401 2383 533 2435; x_wconf 88' lang='lat' dir='ltr'>pueri:</span> <span class='ocrx_word' id='word_1_244' title='bbox 549 2393 651 2434; x_wconf 89' lang='lat' dir='ltr'>quos</span> <span class='ocrx_word' id='word_1_245' title='bbox 667 2390 710 2419; x_wconf 91' lang='lat' dir='ltr'>tu</span> <span class='ocrx_word' id='word_1_246' title='bbox 732 2378 798 2418; x_wconf 74' lang='lat' dir='ltr'>nisi</span> <span class='ocrx_word' id='word_1_247' title='bbox 819 2377 917 2417; x_wconf 85' lang='lat' dir='ltr'>fuste</span> <span class='ocrx_word' id='word_1_248' title='bbox 940 2390 1120 2425; x_wconf 89' lang='lat' dir='ltr'>coerces,</span> 
     </span>
    </p>

    <p class='ocr_par' dir='ltr' id='par_1_24' title="bbox 227 2438 1489 2560">
     <span class='ocr_line' id='line_1_35' title="bbox 229 2438 1489 2497; baseline -0.006 -12"><span class='ocrx_word' id='word_1_249' title='bbox 229 2444 391 2497; x_wconf 86' lang='lat' dir='ltr'>Urgeris</span> <span class='ocrx_word' id='word_1_250' title='bbox 412 2443 528 2483; x_wconf 91' lang='lat' dir='ltr'>turba</span> <span class='ocrx_word' id='word_1_251' title='bbox 544 2443 690 2482; x_wconf 86' lang='lat' dir='ltr'>circum</span> <span class='ocrx_word' id='word_1_252' title='bbox 715 2451 753 2480; x_wconf 89' lang='lat' dir='ltr'>te</span> <span class='ocrx_word' id='word_1_253' title='bbox 775 2439 919 2487; x_wconf 87' lang='lat' dir='ltr'>stante,</span> <span class='ocrx_word' id='word_1_254' title='bbox 945 2438 1134 2493; x_wconf 83' lang='lat' dir='ltr'>miserque</span> <span class='ocrx_word' id='word_1_255' title='bbox 1417 2448 1489 2493; x_wconf 80' lang='lat'>135</span> 
     </span>
     <span class='ocr_line' id='line_1_36' title="bbox 227 2503 1289 2560; baseline -0.007 -11"><span class='ocrx_word' id='word_1_256' title='bbox 227 2507 464 2560; x_wconf 84' lang='lat' dir='ltr'>Rumperis,</span> <span class='ocrx_word' id='word_1_257' title='bbox 483 2507 525 2546; x_wconf 77' lang='grc' dir='ltr'>δι</span> <span class='ocrx_word' id='word_1_258' title='bbox 543 2506 678 2552; x_wconf 82' lang='lat' dir='ltr'>latras,</span> <span class='ocrx_word' id='word_1_259' title='bbox 701 2516 933 2556; x_wconf 84' lang='lat' dir='ltr'>magnorum</span> <span class='ocrx_word' id='word_1_260' title='bbox 955 2503 1124 2543; x_wconf 86' lang='lat' dir='ltr'>maxime</span> <span class='ocrx_word' id='word_1_261' title='bbox 1140 2514 1289 2555; x_wconf 87' lang='lat' dir='ltr'>regum.</span> 
     </span>
    </p>

    <p class='ocr_par' dir='ltr' id='par_1_25' title="bbox 227 2564 1279 2625">
     <span class='ocr_line' id='line_1_37' title="bbox 227 2564 1279 2625; baseline -0.007 -14"><span class='ocrx_word' id='word_1_262' title='bbox 227 2568 292 2612; x_wconf 89' lang='lat' dir='ltr'>Ne</span> <span class='ocrx_word' id='word_1_263' title='bbox 314 2569 478 2625; x_wconf 84' lang='lat' dir='ltr'>longum</span> <span class='ocrx_word' id='word_1_264' title='bbox 498 2566 661 2618; x_wconf 87' lang='lat' dir='ltr'>faciam,</span> <span class='ocrx_word' id='word_1_265' title='bbox 686 2566 780 2607; x_wconf 89' lang='lat' dir='ltr'>dum</span> <span class='ocrx_word' id='word_1_266' title='bbox 804 2577 846 2606; x_wconf 87' lang='lat' dir='ltr'>tu</span> <span class='ocrx_word' id='word_1_267' title='bbox 871 2566 1083 2620; x_wconf 84' lang='lat' dir='ltr'>quadr-ante</span> <span class='ocrx_word' id='word_1_268' title='bbox 1105 2564 1279 2607; x_wconf 72' lang='lat' dir='ltr'>lavatum</span> 
     </span>
    </p>
   </div>
  </div>
 </body>
</html>
