1592 2898
316 216 429 265 :DE
455 216 510 294 Q.
533 214 818 264 HORATIO
845 213 1092 265 FLACCO.
1203 226 1351 263 Lxm

239 304 327 346 illos
348 305 495 347 inceffit
515 305 663 347 Natalis
681 303 813 356 Steph.
835 305 1052 346 SANADON
1080 304 1119 345 S.
1139 303 1175 353 J.
1197 304 1374 356 Prome-⁴

240 359 313 399 reri
331 359 420 400 dein
440 360 489 400 de
510 359 672 401 Horatio
695 358 823 398 conati
845 357 932 398 sunt
946 359 1084 410 Georg.
1106 359 1221 398 Wade
1238 360 1274 399 ἂ
1291 358 1356 407 Jo-

240 415 368 463 Iones,
388 413 523 465 Angli,
545 413 591 463 J„
606 413 664 454 M.
686 413 879 466 Gesnerus,
899 411 1048 453 Baxteri
1077 412 1232 463 quidem
1257 411 1352 452 affe-

242 467 326 516 cla,
349 467 412 507 sed
434 468 486 516 is,
505 476 549 506 ut
567 468 666 506 inter
685 479 775 506 eum
801 468 836 507 δι
866 465 1082 516 Bentlejum
1110 466 1262 507 medius
1285 465 1351 507 fit:

239 520 440 561 noviffime
458 521 554 562 Lud.
569 523 742 574 Poinsinet
760 523 799 560 de
813 521 941 574 Sinary,
965 519 1115 568 Gallus,
1132 522 1167 560 ἃ,
1186 521 1251 571 qui
1266 527 1353 560 tan-

241 574 335 614 dem
350 575 525 615 omnium
544 575 687 614 criticis
706 575 805 614 curis
827 573 913 617 usus
938 586 1014 625 prae
1027 574 1193 622 ceteris,
1214 586 1351 625 quam·

241 629 297 668 vis
316 628 500 680 copiofius
520 628 617 678 justo
643 627 822 668 illustrare
843 627 1048 668 Horatium
1068 627 1255 680 aggressus
1275 628 1352 678 est,

241 681 374 722 Christ.
391 682 620 731 Dav.J1m1.

0 726 5 735 ‘
86 731 186 788 1699
245 738 294 788 Q.
309 735 364 776 H.
379 739 423 776 F.
440 736 590 787 Opera,
611 735 661 776 ad
680 735 912 787 optimorum
936 735 1212 787 exemplarium
1231 733 1353 775 fidem

242 789 445 840 recenfita;
470 790 702 831 accesserunt
724 791 835 830 variae
861 789 1068 839 lectiones,
1088 802 1169 840 quae
1189 789 1228 828 in
1248 788 1354 828 libris

165 843 169 847 '
240 842 350 885 MSS.
374 846 411 885 ὅ(
434 845 671 884 eruditorum
692 844 978 883 commentariis
1000 852 1135 893 notatu
1157 843 1351 897 digniores

240 905 456 938 occurrunt.
469 898 596 950 Opera
609 899 644 939 &
654 897 776 937 studio
788 897 868 946 Jac.
882 899 1045 938 Talbotii.
1057 897 1236 938 Cantabr.
1251 897 1352 948 typis

163 958 172 961 “
238 951 357 991 Acad.
376 951 474 1003 Imp.
491 951 625 1000 Jacob.
645 951 810 992 Tonson.
833 968 870 1002 4.
894 951 939 991 R.
959 950 1155 1000 Bentlejus
1172 950 1351 1001 judicat,

244 1006 440 1046 Talboeium
450 1018 527 1045 non
545 1004 645 1045 male
661 1006 710 1045 de
726 1005 852 1044 nostro
876 1006 1054 1045 meritum
1068 1005 1154 1046 effe.
1169 1005 1352 1046 Ceterum

239 1058 280 1097 in
305 1057 379 1098 hac
398 1059 592 1110 splendide
628 1059 804 1108 impressa
830 1059 1016 1107 editione,
1050 1067 1176 1099 textus
1200 1058 1353 1099 Horatii

240 1111 389 1151 summa
420 1113 523 1161 fide,
544 1112 739 1163 diligentia
753 1142 764 1158 ,
787 1114 822 1153 &
842 1125 931 1152 cura
954 1113 1158 1152 recenfitus
1179 1112 1244 1153 est.

83 1166 295 1216 -—-Q.
320 1166 368 1206 H.
392 1165 434 1206 F.
458 1167 647 1208 accedunt
666 1166 725 1215 Jo.
742 1167 911 1219 Rntgerfii
930 1166 1133 1206 Lectiones
1151 1166 1350 1206 venufinae

243 1231 335 1259 cura
362 1219 457 1259 Petri
473 1221 677 1260 Burmanni.
696 1219 861 1273 Trajedi
882 1219 960 1263 Bat.
980 1233 1040 1271 ap.
1061 1219 1120 1261 Fr.
1146 1219 1289 1260 Halma
1313 1221 1352 1261 δε

243 1271 343 1313 Guil.
360 1285 434 1313 van
458 1274 507 1312 de
524 1273 679 1313 Water.
704 1287 766 1314 12.

61 1359 67 1367 .
87 1337 190 1376 1700
241 1325 405 1366 Minellii
424 1327 486 1367 Vl.
508 1326 694 1369 Roterod.
723 1341 782 1368 12.

81 1379 382 1431 ——Opera
400 1379 536 1420 Venet.
562 1395 621 1422 12.

243 1432 424 1474 Poemata
442 1435 585 1474 omnia.
603 1434 727 1486 Typis
746 1434 872 1486 Regiae
891 1433 1069 1475 Celfitud.
1090 1434 1257 1477 Florent.
1288 1442 1351 1478 12:

243 1486 380 1533 Lat.,c.
397 1487 491 1528 vers.
516 1487 614 1530 Gall.
635 1489 738 1530 Hier.
763 1490 940 1530 Tarteroni
958 1490 995 1530 S.
1013 1488 1047 1537 J.
1073 1488 1181 1529 Paris.
1212 1503 1270 1531 12.

85 1551 182 1592 1701
242 1540 420 1635 (garminza
452 1551 683 1598 expurgata,
711 1543 1025 1583 annotationibus
1052 1542 1240 1584 illustrata.
1270 1543 1355 1585 Ro·

239 1603 255 1634 t
285 1607 363 1636 om.
412 1626 422 1636 .

80 1649 389 1689 ——Baxteri
406 1649 435 1692 Ι.
453 1649 624 1702 Eclogae,
649 1663 724 1690 una
744 1662 832 1690 cum
852 1649 1004 1690 scholiis
1024 1652 1241 1702 perpetuis,
1264 1659 1347 1692 tam

240 1702 431 1743 veteribus
459 1716 574 1754 quarn
604 1706 738 1751 novis,
764 1705 952 1755 praecipue
976 1718 1069 1746 vero
1098 1705 1349 1756 antiquorum

243 1755 586 1797 Grammaticorum
599 1790 611 1808 ,
634 1760 775 1798 Helenii
792 1760 966 1806 Amnis,
986 1759 1074 1798 Pom
1101 1761 1232 1812 οηὶὶᾳιιε
1251 1760 1351 1800 Por-

234 1812 418 1863 phyrionis
427 1827 444 1860 ‚·
465 1811 608 1861 adjecit
621 1814 656 1852 ἃ.
674 1811 739 1854 sua
750 1843 764 1862 ‚
781 1820 1008 1863 textumque
1024 1825 1067 1851 ve
1103 1823 1323 1863 corruptum
1335 1845 1349 1863 ,

241 1863 305 1903 vel
323 1864 518 1905 turbatum
540 1865 698 1905 restituit
714 1865 814 1913 Guil,
838 1867 980 1906 Baxter.
1009 1865 1131 1906 Lond.
1157 1866 1192 1906 8.
1224 1867 1350 1907 Nullis

239 1916 426 1958 Baxterus
443 1917 530 1958 usus
547 1919 600 1959 est
614 1920 723 1960 MSS.
737 1918 800 1959 sed
816 1919 970 1970 vulgata
986 1919 1150 1959 lectione
1168 1933 1236 1970 pro
1258 1921 1347 1959 fun-

241 1971 424 2012 damento
438 1972 557 2023 pofita
574 1985 619 2012 ex
636 1983 862 2013 commentt.
877 1973 1137 2013 animadverss'.
1153 1975 1350 2015 interdurn

241 2026 278 2065 ἃ
298 2037 347 2065 ex
366 2026 522 2076 ingenio
541 2035 688 2066 textum
712 2027 917 2069 constituit.
937 2027 1152 2078 Excerpsit,
1170 2029 1272 2078 quod
1293 2037 1368 2068 tam

228 2088 332 2118 'men
357 2080 491 2130 majori
510 2078 659 2120 delectu
683 2080 763 2120 fieri
787 2081 937 2132 potuit,
962 2090 1105 2121 veteres
1132 2082 1286 2133 interpr.
1311 2085 1349 2123 ἃ

243 2132 285 2171 in
308 2131 505 2173 hisietiam
534 2135 706 2184 quaedam
726 2134 970 2184 emendavit3
990 2146 1158 2175 ceterum
1179 2135 1259 2186 ipse
1280 2137 1350 2176 mi-

239 2184 299 2224 ser
309 2187 361 2226 est
376 2186 583 2238 interpres,
601 2187 707 2228 sensu
725 2189 866 2239 quippe
881 2191 916 2228 &
937 2190 1091 2240 ingenio
1110 2191 1263 2239 poetico
1280 2192 1348 2229 de-

241 2238 412 2290 stitutus3
436 2240 598 2292 dilogias
619 2251 850 2293 aucupatur,
870 2243 1016 2293 ubique
1029 2243 1281 2295 etymologias
1299 2256 1347 2284 ex

243 2301 337 2332 vett.
365 2292 528 2345 linguis,
550 2294 716 2346 Punica,
741 2295 907 2343 Celtica,
926 2296 1145 2337 Britannica
1167 2298 1347 2348 propinat

241 2344 460 2387 lectoribus.
488 2348 593 2388 Fecit
621 2358 750 2389 tamen
782 2349 925 2400 species
954 2351 1127 2401 quaedam
1158 2352 1343 2401 ingenioli

241 2400 446 2450 acuminis,
476 2403 515 2442 &
537 2403 668 2442 odium
693 2403 854 2453 Bentleji
878 2402 1103 2455 superbioris
1132 2406 1278 2450 critici,
1301 2413 1345 2443 ut

241 2452 280 2491 in
313 2452 458 2493 honore
490 2454 691 2498 haberetur
723 2457 918 2498 Baxterus.
949 2458 1043 2499 Haec
1067 2458 1147 2498 fere
1173 2458 1222 2499 cl.
1252 2458 1342 2506 Jani

221 2507 287 2558 ¹de
305 2519 353 2547 eo
372 2507 531 2557 judicat.
