1592 2898
218 235 318 305 '2²34
441 230 491 300 Q
556 230 930 280 HORATII
981 235 1287 286 FLACCI

213 336 273 387 It,
291 337 410 386 redit,
437 338 480 379 δι
501 351 652 380 narrat:
679 340 887 393 Vultejum
914 343 1079 384 nomine
1085 343 1279 392 Menam,
1443 353 1493 399 525

215 367 462 448 Praeconein,
484 403 592 442 tenui
620 403 760 450 censu,
784 404 861 446 fine
879 405 1041 449 crimine
1057 418 1220 455 notum;
1386 415 1389 418 ⁴

215 461 266 503 Et
284 477 491 517 properare
508 467 625 512 loco.
639 469 682 510 δι
701 468 862 516 cessare,
887 470 930 511 ἃ
953 483 1152 522 quaerere,
1178 471 1222 511 δι
1242 470 1346 519 uti,-

215 524 462 567 Gaudentem
489 529 696 582 parvisque
717 529 910 571 sodalibus
924 531 997 578 ‚·&
1016 531 1096 572 lare
1119 541 1254 580 certo,

214 585 267 627 Et
288 587 410 635 ludis,
439 590 480 630 &
501 590 586 642 post
611 591 738 632 decisa
756 593 913 645 negotia
934 591 1100 646 Campo.

215 648 349 690 Scitari
373 651 471 695 libet¹
488 666 537 694 ex
566 652 676 706 ipso,
705 667 950 709 quaecunque
971 654 1114 696 refers:
1141 655 1203 696 dic
1436 651 1505 694 60'

211 710 276 758 Ad
303 724 453 752 coenam
480 714 619 755 veniat.
648 715 739 754 Non
761 714 850 756 sane
871 714 1201 757 credereffMena:

211 772 347 815 Mirari
368 774 494 816 secum
526 777 674 818 tacitus.
697 777 808 831 Quid
829 778 973 822 multa?
997 779 1168 831 Benigne
1185 809 1209 828 „

217 835 450 890 Respondet.
466 862 510 869 —
526 839 651 893 Neget
673 841 736 880 ille
760 841 853 880 mihi
867 840 882 879 ?
899 863 943 872 —
956 841 1083 894 Negat
1100 840 1324 893 improbus,
1338 839 1380 882 δι
1398 851 1437 881 te

214 897 405 952 Negligit‚
428 912 493 940 aut
509 902 652 943 horret.
673 923 732 932 -—
745 903 947 956 Vultejum
969 916 1082 944 mane
1098 902 1291 956 Philippus

216 960 259 1000 .V
264 961 326 1001 ilia
346 963 575 1003 vendentem
599 965 772 1005 tunicato
801 964 926 1006 scruta
944 965 1105 1019 popello
1437 962 1490 1014 65

218 1021 428 1075 Occupat,
451 1025 490 1064 δι
513 1024 658 1066 salvere
680 1026 789 1078 jubet
815 1027 934 1080 prior.
954 1025 1024 1067 Ille
1047 1025 1222 1080 Philippo

217 1083 412 1125 Excusare
436 1085 637 1133 laborem,
662 1088 700 1127 δι
727 1088 960 1129 mercenaria
985 1087 1138 1136 vincla,

218 1144 345 1197 Quod
369 1159 448 1186 non
465 1160 577 1201 mane
602 1148 762 1189 domum
788 1149 972 1198 venisset3
995 1149 1179 1203 denique,
1203 1147 1311 1202 quod
1329 1159 1409 1188 non

219 1206 448 1249 Providiffet
474 1221 574 1249 eum.
587 1209 729 1250 —Sic
750 1209 940 1263 ignovisse
962 1222 1101 1264 putato
1442 1239 1445 1242 >

216 1270 287 1311 Me
302 1270 397 1320 tibi,
416 1270 442 1310 fi
459 1285 590 1312 coenas
607 1273 720 1313 bodie
737 1287 899 1314 mecum.
925 1297 970 1304 -
989 1273 1044 1314 Ut
1059 1273 1164 1313 libet.
1173 1272 1368 1325 —Ergo
1437 1282 1492 1323 70

217 1331 311 1373 Post
328 1345 471 1372 nonam
493 1334 645 1375 venies:
671 1335 824 1382 numi,
848 1348 928 1376 rem
954 1334 1131 1374 strenuus
1146 1347 1255 1387 auge.
1265 1355 1360 1365 —-

220 1391 278 1432 Ut
300 1406 462 1434 ventum
481 1396 527 1435 ad
550 1409 699 1436 coenam
722 1396 796 1444 est,
820 1397 976 1438 dicenda
997 1398 1155 1437 tacenda
1175 1396 1352 1445 locutus,

219 1458 394 1499 Tandem
415 1460 620 1500 dormitum
641 1462 858 1502 dimittitur.
874 1462 969 1510 Hic,
988 1461 1055 1504 ubi
1075 1461 1177 1516 saepe

220 1520 435 1562 Occultum
456 1521 558 1562 visus
573 1523 774 1564 decurrere
792 1524 900 1577 piscis
915 1525 960 1563 ad
976 1524 1133 1564 hamum
1148 1554 1162 1570 ‚

217 1582 339 1623 Mane
364 1582 478 1623 cliens
494 1615 505 1632 ,
531 1584 571 1623 &
595 1585 673 1637 jam
706 1597 835 1625 certus
861 1585 1030 1625 conviva
1047 1614 1061 1631 ‚
1082 1583 1237 1636 jubetur
1437 1593 1489 1635 75

221 1643 334 1684 Rura
355 1645 570 1686 suburbana
587 1647 733 1688 indiffis
758 1659 891 1686 comes
910 1647 964 1686 ire
989 1646 1141 1687 Latinis.

218 1706 430 1759 Impofitus
449 1707 621 1754 mannis,
642 1721 781 1748 arvum
803 1708 1024 1761 coelumque
1048 1708 1232 1751 Sabinum

220 1768 314 1810 Non
337 1769 449 1810 ceffat
468 1770 645 1810 laudare:
668 1771 774 1811 videt
796 1771 972 1823 ridetque
988 1770 1206 1824 Philippus:
1228 1768 1232 1770 ἡ

220 1832 294 1880 Et,
320 1830 387 1871 fibi
413 1831 503 1871 dum
528 1833 699 1884 requiem
717 1863 729 1879 ‚
754 1832 844 1872 dum
868 1831 967 1872 risus
989 1831 1160 1885 undique
1180 1829 1347 1885 quaerit,

219 1890 330 1932 Dum
355 1890 496 1944 septem
518 1892 637 1932 donat
659 1891 1008 1942 sestertia,'mutua
1032 1891 1175 1945 septem
1436 1888 1491 1928 80

219 1953 438 2001 Promittit,
473 1952 674 2007 persuadet
698 1954 758 1993 uti
783 1965 972 1994 mercetur
996 1954 1174 2007 agellum.

221 2016 446 2057 Mereatur:
477 2029 527 2056 ne
551 2028 589 2056 te
610 2016 735 2069 longis
764 2016 989 2069 ambagibus
1015 2017 1138 2063 ultra,

221 2080 358 2133 Quam
379 2079 463 2119 satis
483 2079 560 2127 est,
593 2093 745 2129 morer3
765 2093 813 2120 ex
838 2080 964 2122 nitido
985 2079 1029 2120 fit
1051 2079 1238 2125 rusticus,
1262 2088 1381 2132 atque

221 2142 359 2182 Sulcos
380 2142 421 2181 &
445 2143 579 2182 vineta
603 2154 734 2194 crepat
758 2155 887 2189 mera,
908 2144 1099 2196 pvaeparat
1124 2141 1251 2185 ulmos
1265 2170 1277 2188 ‚

219 2203 447 2244 Immoritur
474 2203 601 2251 studiis
616 2235 628 2254 ‚
649 2206 689 2247 &
717 2218 851 2246 amore
873 2204 1030 2247 senescit
1052 2203 1224 2247 habendi.
1436 2199 1493 2253 ὃς,

220 2265 376 2304 Verum
403 2266 469 2304 ubi
497 2278 596 2305 oves
620 2264 749 2314 furto,
770 2266 911 2306 morbo
936 2265 1080 2318 periere
1102 2264 1284 2319 capellae‚
1336 2302 1337 2305 ,

170 2315 176 2334 ’
219 2325 336 2378 Spem
358 2327 519 2366 mentita
542 2326 671 2380 seges,
702 2327 775 2367 bos
801 2326 855 2366 est
880 2326 1036 2368 caecius
1060 2327 1232 2376 arand03

220 2386 405 2428 Offensus
430 2388 598 2434 damnis,
628 2388 750 2428 media
775 2388 821 2428 de
841 2387 955 2428 noae
977 2387 1172 2428 caballum

222 2450 391 2502 Arripit,
419 2448 611 2502 iratusque
640 2448 797 2503 Philippi
819 2449 938 2488 tendit
961 2449 1006 2488 ad
1029 2449 1140 2489 aedes.

223 2511 362 2568 Quem
384 2511 494 2554 simul
519 2511 700 2567 adspexit'
713 2511 890 2554 scabrum
909 2510 1187 2568 intonsumque
1199 2513 1413 2568 Philippus,
1439 2524 1496 2567 90
