1592 2898
196 230 255 282 28
407 233 471 303 Q·
525 228 890 279 HORATII
946 227 1257 278 FLAcm

607 435 804 484 ODE
862 437 1077 484 XXVI.

473 589 578 632 DE
630 587 856 630 AELIO
910 585 1212 628 LAM1A;

375 728 422 766 Se
443 725 563 778 sbluto
593 723 710 764 animo
738 722 821 768 velle
844 721 1002 762 Lamiam
1018 721 1127 774 ficum
1148 721 1303 763 laudam·

206 823 384 900 Mus1s
410 852 581 899 amicus,
601 850 787 892 tristitiam
807 851 850 891 &
871 860 997 890 metus

203 916 245 960 ‚T
245 916 376 957 radam
399 915 596 969 protervis
621 915 660 954 in
681 927 787 954 mare
807 913 1010 954 Creticum

257 978 420 1019 Portare
443 978 592 1019 ventis:
619 977 707 1030 quis
728 976 798 1017 sub
824 976 952 1017 Ατᾶο

313 1040 404 1081 Rex
427 1039 562 1093 gelidae
594 1048 792 1079 metuatur
817 1050 926 1086 orae,

211 1155 327 1210 Quid
351 1154 552 1196 Tiridaten
576 1163 740 1200 terreat,
760 1151 874 1192 unice

209 1217 387 1260 Securus.
413 1216 480 1264 0,
505 1230 596 1270 quae
612 1215 804 1274 *fontibus
826 1213 984 1267 integris

263 1282 447 1330 Gaudes,
469 1281 620 1336 apricos
649 1278 758 1320 ηεᾶε
786 1277 928 1325 flores,

317 1343 441 1385 Νεᾶε
464 1355 555 1384 meo
576 1341 721 1383 Lamiae
742 1351 931 1380 coronam
943 1346 966 1385 ,ᾖ

211 1455 374 1509 Pimplea·
395 1456 536 1497 dulcis:
557 1455 614 1496 nil
637 1454 716 1496 sme
733 1466 772 1496 te
793 1454 869 1495 mei

212 1517 370 1559 Poffunt
390 1517 582 1558 honores:
604 1517 709 1558 hunc
735 1515 877 1556 fidibus
897 1514 1036 1564 novis,

268 1579 390 1620 Hunc
411 1580 549 1620 Lesbio
573 1578 719 1620 sacrare
741 1577 912 1631 ρὶεᾶτο,

321 1643 461 1698 Teque
482 1641 644 1698 tuasque
670 1642 778 1682 decet
801 1640 968 1682 sorores.

580 1848 617 1893 Ο
657 1845 789 1892 DE
848 1838 1138 1892 XXVII.

560 1994 670 2038 AD
750 1983 1163 2036 SODALES.

1445 1523 1497 1555 10

226 2129 414 2174 Illiberales
432 2127 467 2166 G·
484 2124 671 2178 cerebrofhs
689 2123 858 2164 convivas
880 2119 1106 2175 reprehendit,
1129 2115 1165 2155 δ’
1183 2112 1322 2168 oflencfit
1340 2108 1496 2163 non-effe

290 2205 478 2245 rixandum
497 2202 587 2241 inter
597 2200 751 2255 pocula,
761 2198 880 2252 βάλε
900 2198 995 2238 rebus
1006 2191 1176 2247 suavibus
1187 2188 1441 2243 fhbulandum..

223 2314 400 2391 NATIS
423 2341 463 2380 in
484 2338 597 2379 usum
622 2335 766 2376 laetitiae
794 2333 952 2387 scyphis

221 2408 420 2461 Pugnare,
441 2402 641 2444 Thracum
669 2398 747 2439 est:
774 2397 902 2437 tollite
927 2393 1137 2434 barbarum

281 2471 437 2512 Morem
451 2494 462 2514 ‚
485 2462 829 2514 verecundumque
860 2457 1061 2499 Bacchum

340 2526 565 2583 Sanguineis
584 2522 791 2579 prohibete
812 2519 919 2561 rixis.
