1592 2898
88 214 90 218 “
173 219 234 282 36
383 219 447 289 Q.
507 218 881 267 HoRA‘ru
927 222 1234 272 FLAccl

164 325 227 367 Te
247 324 341 380 Spes
365 326 407 367 &
430 325 520 367 albo
541 339 629 367 rara
654 326 763 368 Fides
784 327 877 368 colit

168 388 310 430 Velata
337 401 490 442 panno:
517 402 588 429 nec
611 390 796 430 comitem
815 390 1007 446 abnegat,
1032 445 1036 449 ‚

220 453 434 506 Utcunque
459 463 608 493 mutata
633 463 813 505 potentes

274 515 394 557 Veste
417 515 558 556 domos
584 515 735 557 inimica
755 516 913 571 linquis.

169 616 226 658 At
245 615 387 669 vulgus
410 615 568 657 infidum
589 617 628 656 δι
651 617 834 658 meretrix
859 628 966 659 retro
1383 629 1433 673 ας

169 678 330 731 Perjura
355 679 478 720 cedit:
510 678 717 734 diffugiunt
744 680 846 721 cadis

221 741 324 781 Cum
349 739 443 781 faece
465 740 607 782 ficcatis
631 741 739 782 amici
755 771 770 789 ‚

276 801 391 843 Ferre
412 802 550 857 jugum
577 804 718 859 pariter
741 803 877 845 dolosi.

169 911 309 953 Serves
334 913 478 953 iturum
506 912 695 954 caesarem
723 913 763 953 in
789 913 949 954 ultimos

170 976 289 1017 Orbis
310 976 541 1026 Britannos,
566 976 639 1017 &
628 990 818 1030 Juvenum
845 989 979 1051 recens
1392 987 1442 1028 30

222 1039 395 1080 Examen
418 1038 508 1080 Eois
531 1039 741 1079 timendum

275 1102 478 1150 Partibus,
505 1102 748 1158 Oceanoque
773 1103 906 1144 rubro.

171 1206 307 1248 Eheu!
329 1206 554 1248 cicatricum
578 1206 619 1246 δι
643 1205 792 1246 sceleris
815 1204 933 1259 pudet

171 1268 439 1323 Fratrumque.
466 1269 575 1322 Quid
595 1282 669 1309 nos
693 1269 787 1309 dura
807 1267 1019 1322 refugimus

225 1332 364 1373 AEtas?
394 1332 490 1386 quid
516 1330 699 1371 intactum
725 1328 858 1370 nefasti
1394 1338 1442 1382 35

281 1393 514 1447 Liquimus?
545 1394 646 1433 unde
669 1405 827 1433 manum
858 1390 1062 1447 juventus·
1339 1403 1343 1408 ·
1453 1386 1457 1393 “

172 1491 284 1532 Metu
312 1490 493 1530 Deorum
517 1489 741 1531 continuit?
766 1489 911 1543 quibus

170 1553 347 1608 Pepercit
373 1552 475 1593 aris?
497 1552 538 1593 Ο
561 1553 707 1594 utinam
736 1564 845 1592 nova

223 1614 370 1656 Incude
389 1613 563 1667 diffingas
586 1613 759 1654 retusum
785 1613 825 1652 in

263 1675 507 1731 ‚Mass'agetas
526 1673 752 1729 Arabasque
777 1673 935 1716 ferrum.
1390 1687 1446 1726 40

552 1838 589 1883 0
621 1837 668 1884 D
701 1838 745 1882 E
805 1836 1078 1898 XXXVI.

282 1960 352 2002 1N
397 1957 998 2002 HONOREM·PLOT11
1040 1925 1337 2007 NluMIDAE.

230 2075 350 2116 Plou‘o
379 2076 545 2116 Numidae
563 2075 718 2130 fhustum
744 2090 788 2115 ex
812 2074 992 2128 Hispania
1018 2057 1163 2116 reatum*
1183 2075 1388 2130 gratulatur,
1443 2091 1447 2095 ’

113 2190 115 2195 ’
175 2156 262 2233 ET
288 2196 375 2226 ture
396 2186 437 2226 δι
456 2184 597 2226 fidibus
619 2185 734 2238 juvat

228 2249 384 2289 Placare
410 2248 450 2288 δι
479 2248 591 2288 vituli
613 2246 797 2301 sanguine
818 2248 949 2290 debito

175 2310 365 2351 Custodes
389 2310 568 2350 Numidae
595 2309 733 2357 Deos,

228 2370 316 2423 Qui
336 2382 442 2410 nunc
466 2369 651 2423 Hesperia
674 2369 799 2424 sospes
827 2370 876 2410 ab
906 2368 1042 2417 ultima

173 2430 286 2475 Caris
308 2431 430 2471 multa
459 2430 649 2471 sodalibus
664 2461 676 2479 ‚
1423 2445 1443 2487 5

228 2492 335 2534 Nulli
355 2492 466 2548 plura
491 2503 646 2544 tamen,
666 2491 798 2536 dividit
819 2491 970 2544 oscula,
