1592 2898
284 231 815 294 'SERMONUM
865 237 1010 286 LIB.
1061 239 1098 284 1.
1254 251 1349 302 159,

76 352 263 397 Exclusus
273 351 361 395 fore
370 383 384 402 ‚
398 364 489 393 cum
508 350 761 404 Longarenus
775 346 880 388 foret
897 346 1013 401 intus.

77 417 185 458 Huic
206 415 237 457 fi
260 414 437 456 mutonis
454 412 584 453 verbis
601 411 700 452 mala
716 420 825 450 tanta
844 407 1012 447 videntis

77 476 237 519 Diceret
252 474 339 516 hale
355 474 528 515 animus:
546 472 658 526 Quid
676 472 739 511 vis
758 468 853 510 tibi?
875 467 1064 521 numquid
1082 478 1158 522 ego
1175 479 1199 508 a
1216 478 1256 508 te

76 539 228 593 Magno
246 546 482 594 prognatum
500 534 669 589 deposco
687 531 861 574 Consule
883 543 1062 580 cunnum
1076 561 1090 580 ‚
1292 540 1349 582 70

79 597 485 656 velatumqui'stola,
516 611 603 638 mm
622 604 712 638 cum
739 593 960 636 conferbuit
985 592 1069 633 ira?

78 664 191 718 Quid
208 662 454 717 responderet
513 661 665 714 Magno
689 669 796 712 patre
814 666 903 695 nata
930 655 1057 708 puella
1080 652 1147 694 est.

77 729 138 769 At
153 739 299 784 quanto
322 727 484 769 meliora
501 735 661 774 monet,
682 721 971 778 pugnantiaque
998 717 1103 769 istis,

80 787 207 830 Dives
230 789 319 844 opis
341 799 479 830 natura
501 786 604 834 suae,
623 784 654 826 fi
680 795 723 825 tu
747 782 868 823 modo
886 779 990 821 re&e

79 849 310 906 Dispensare
326 850 427 892 velis
437 880 450 900 ‚
464 862 510 890 ac
525 860 608 889 nou
627 846 809 900 fugienda
825 843 996 897 petendis
1216 895 1238 898 -
1297 852 1351 894 7ς

79 912 320 957 Immiscere!
335 913 432 954 Tuo
448 911 551 952 vitio
562 941 577 958 ‚
592 921 796 954 rerumne,
812 906 991 954 labores,

79 977 148 1018 Nil
165 977 309 1019 referre
324 977 464 1032 putas?
484 975 623 1029 Quare
638 986 689 1014 ne
706 971 893 1026 poeniteat
912 982 951 1010 te
968 981 979 1009 ε

11 1041 19 1045 ’
81 1036 227 1078 Define
244 1049 439 1079 matronas
453 1035 631 1077 seaarier
642 1065 655 1084 ‚
672 1034 776 1074 unde
789 1032 935 1073 laboris

81 1098 173 1141 Plus
191 1100 345 1141 haurire
367 1099 459 1139 mali
482 1097 560 1146 est,
576 1110 692 1151 quam
714 1108 765 1135 ex
788 1108 829 1135 re
846 1095 1051 1147 decerpere
1074 1091 1234 1134 fruitus.

84 1161 171 1207 Nec
184 1163 306 1215 magis
322 1161 413 1201 huic
428 1161 528 1200 inter
541 1160 679 1199 niveos
691 1155 911 1210 viridesque
932 1154 1087 1208 lapillos
1301 1154 1357 1196 80

86 1222 143 1263 Sit
163 1223 255 1264 licet
266 1252 279 1271 ‚
296 1223 375 1263 hoc
386 1251 401 1271 ,
416 1220 603 1262 Cerinthe
614 1251 628 1270 ‚
642 1231 715 1260 tuo
727 1231 902 1259 tenerum
925 1215 978 1257 est
998 1215 1147 1266 femur,
1158 1227 1227 1258 aut
1241 1229 1332 1258 crus

87 1284 272 1334 Reffius3
289 1295 407 1338 atque
430 1283 546 1324 etiam
573 1281 708 1322 melius
727 1278 895 1335 persaepe
916 1289 1076 1331 togatae.

88 1345 202 1387 Adde
221 1346 320 1394 huc,
347 1345 455 1400 quod
477 1356 643 1386 mercem
658 1342 738 1383 fine
755 1341 855 1383 fucis
871 1339 991 1395 gestat
1002 1354 1016 1389 ;
1040 1350 1171 1394 aperte

89 1406 220 1460 Quod
237 1407 376 1449 venale
394 1406 509 1447 habet
520 1436 535 1453 ‚
552 1405 740 1454 ostendit3
764 1416 858 1461 neq,
875 1402 909 1454 st
927 1402 1019 1456 quid
1035 1402 1184 1443 honesti
1202 1401 1283 1453 est,

89 1469 237 1517 JaQat,
253 1469 448 1524 habetque
463 1468 587 1523 palam
602 1499 615 1517 ‚
632 1466 771 1521 quaerit
786 1479 870 1520 quo
886 1465 1012 1518 turpia
1028 1466 1139 1506 celet.
1306 1464 1356 1520 85

90 1528 269 1582 Regibus
283 1530 355 1570 hic
364 1542 451 1570 mos
469 1528 524 1569 est
537 1560 550 1577 ,
573 1528 642 1569 ubi
662 1540 788 1582 equos
806 1539 1048 1574 mercantur,
1072 1538 1233 1581 opertos

91 1589 324 1644 Inspidunt;
340 1605 412 1640 ne,
428 1590 459 1631 st
475 1590 593 1632 facies
615 1595 686 1644 (ut
710 1589 838 1643 saepe)
862 1581 1006 1629 decos-a

20 1649 29 1655 '
91 1652 316 1694 Mollifulta
335 1655 433 1706 pede
450 1652 528 1702 est,
546 1665 735 1694 emtorem
754 1652 912 1692 inducat
928 1652 1122 1699 hiantem;

93 1713 222 1768 Quod
242 1716 415 1768 pulchrae
433 1715 593 1761 clunes,
613 1715 734 1754 breve
755 1714 861 1768 quod
883 1724 1023 1767 caput,
1041 1713 1163 1753 ardua
1183 1714 1331 1754 cervix.
1364 1706 1368 1709 ’

17 1835 22 1839 ,
93 1776 190 1818 Hoc
201 1777 254 1817 illi
268 1777 392 1818 reRe:
411 1791 459 1818 ne
473 1778 652 1831 corporis
667 1778 815 1830 optima
831 1776 1004 1827 Lynceis
1308 1789 1362 1832 99

93 1837 370 1892 Contemplere
386 1839 531 1886 oculis,
555 1837 728 1893 Hypsaea
751 1838 893 1878 caecior
918 1837 980 1876 illa

93 1900 204 1954 Quae
219 1901 421 1942 malaesunt
441 1901 596 1956 speeies.
613 1900 710 1941 -Ο
726 1901 840 1949 crus!
858 1912 885 1940 o
905 1898 1084 1939 brachia!
1104 1921 1150 1930 —
1166 1912 1306 1942 vetum

95 1962 299 2017 Depygis,
323 1964 485 2013 nasuta,
502 1963 618 2020 previ
641 1962 761 2003 latere
779 1975 824 2003 ac
843 1962 938 2014 pede
951 1961 1074 2014 longo
1087 1961 1155 2002 est.
1209 1950 1215 1957 ⁸

96 2025 316 2076 Matronae,
338 2038 480 2083 praeter
496 2025 632 2067 faciem
646 2056 660 2074 ,
678 2026 730 2065 nil
749 2037 905 2065 cernere
927 2021 1066 2077 poffis,

98 2085 261 2136 Cetera,
276 2090 318 2130 ni
339 2089 451 2131 Catia
465 2088 538 2136 est,
560 2087 717 2128 demissa
740 2088 846 2128 veste
868 2088 1044 2141 tegentis,
1144 2107 1148 2115 ν
1309 2096 1362 2142 95

98 2146 139 2188 si
162 2148 355 2192 interdieta
375 2163 505 2205 petes,
524 2150 633 2190 vallo
654 2150 912 2198 circumdata,
935 2151 1053 2203 (narn
1079 2159 1121 2189 te
1142 2164 1147 2167 ·

100 2209 195 2251 Hoc
216 2209 307 2251 facit
328 2212 533 2266 insanum)
559 2213 691 2253 multae
708 2212 777 2252 tibi
802 2224 883 2252 tum
908 2212 1079 2252 officient
1098 2224 1185 2253 res:
1252 2254 1257 2258 ,

102 2269 314 2321 Custodes,
335 2273 495 2324 leffica,
513 2274 735 2323 ciniflones,
758 2275 931 2329 parasrtae
945 2306 957 2323 ,

103 2333 168 2373 Ad
186 2334 285 2374 talos
303 2334 398 2375 stola
423 2335 573 2377 ‹lemiss'a
588 2368 601 2386 ,
629 2338 671 2377 &
695 2338 926 2378 circumdata
952 2337 1073 2390 palla3

100 2394 288 2444 Plurima,
311 2410 400 2449 quae
423 2398 616 2438 invideant
643 2412 739 2451 pure
761 2412 948 2453 apparere
968 2400 1037 2438 tibi
1062 2412 1158 2441 rem.
1286 2411 1365 2441 100

102 2456 258 2504 Altera,
277 2459 331 2498 nil
350 2457 499 2498 obstat:
524 2458 618 2500 Cois
642 2460 708 2500 tibi
731 2474 841 2513 paene
870 2461 1000 2501 videre
1015 2460 1071 2501 est

104 2516 159 2558 Ut
170 2518 347 2599 ¹nuda1n3
364 2530 412 2558 ne
426 2531 540 2559 crure
558 2521 686 2571 malo,
702 2533 751 2562 ne
774 2520 818 2560 fit
838 2522 935 2575 pede
952 2522 1079 2575 turpi;
