1592 2898
223 276 255 327 ¹4
436 268 497 337 Q·
547 265 915 315 HoRATn
970 228 1284 319 FLJACCI

224 369 395 424 Quaffas
406 400 418 420 ‚
442 371 618 412 indocilis
632 371 870 427 'pauperiem
895 374 990 428 pati.

225 435 290 486 Est
316 436 383 490 qui
409 449 480 477 nec
505 436 651 476 veteris
682 436 825 490 pocula
855 436 1030 485 Massici,
1584 463 1592 477 ss

226 497 311 538 Nec
338 508 484 551 partem
514 497 640 538 solido
667 498 820 539 demere
843 498 890 538 de
916 499 977 539 die
1446 513 1499 542 20
1588 530 1592 541 ς

226 558 404 612 Spernit,
430 572 534 605 nunc
555 559 672 600 viridi
697 559 870 599 membra
892 558 962 600 sub
985 559 1126 602 arbuto

142 659 144 661 ,
227 620 400 671 Stratus,
427 634 531 662 nunc
557 621 605 661 ad
632 633 744 674 aquae
767 620 853 661 lene
880 631 998 674 caput
1020 620 1150 664 sacrae.

229 683 380 725 Multos
403 684 523 724 castra
546 683 711 736 juvant,
736 683 776 724 δι
800 683 899 724 lituo
925 683 1030 724 tubae

228 745 447 788 Permixtus
465 747 635 794 sonitus,
661 746 843 800 bellaque
875 746 1063 787 matribus
1580 756 1592 799 ᾗ»,

229 808 442 851 Detestata.
468 808 604 849 Manet
631 807 699 848 sub
718 808 820 849 Jove
846 806 984 861 frigido
1451 821 1500 865 25
1585 837 1592 853 ,

231 869 432 918 Venator,
454 880 598 910 tenerae
620 868 796 922 coniugis
822 868 1052 918 immemor3

232 932 310 973 Seu
330 931 411 972 visa
434 932 488 973 est
506 932 643 973 catuiis
665 944 783 971 cerva
807 929 1007 979 fidelibus,

232 994 310 1035 Seu
337 995 439 1047 rupit
466 1006 606 1035 teretes
634 992 785 1034 Marsus
809 1005 904 1046 aper
932 992 1073 1047 plagas.

233 1055 303 1095 Me
324 1054 524 1096 do&arum
550 1054 700 1095 hederae
724 1053 884 1106 praemia
915 1051 1104 1093 ftontium
1576 1097 1578 1100 ,

231 1115 308 1157 Dis
327 1115 483 1157 miscent
503 1114 667 1170 superis:
695 1127 758 1154 me
783 1113 948 1166 gelidum
969 1125 1150 1162 nemus,1
1455 1126 1509 1170 30
1580 1132 1592 1164 ’,-

233 1178 588 1232 Nympharumque
617 1176 725 1216 leves
747 1188 836 1216 cum
862 1175 1015 1227 Satyris
1038 1175 1147 1217 chori

233 1241 447 1282 secernunt
470 1240 643 1295 populo:
670 1238 699 1280 fi
724 1251 851 1292 neque
872 1239 984 1279 tibias

235 1303 404 1357 Euterpe
425 1303 606 1352 cohibet,
635 1315 706 1343 nec
730 1302 992 1355 Polyhymnia

237 1367 436 1407 Lesboum
459 1365 601 1419 refugit
624 1365 779 1405 tendere
803 1364 997 1404 barbiton.
1578 1416 1581 1419 Δ

237 1428 366 1482 Quod
387 1428 415 1468 fi
440 1441 502 1468 me
525 1427 677 1480 Lyricis
700 1426 854 1466 vatibus
883 1425 1038 1474 inseris,
1461 1439 1510 1482 35

238 1490 400 1532 Sublimi
427 1489 562 1531 feriam
588 1488 709 1529 sidera
737 1487 896 1530 vertice.
970 1531 975 1534 ,

707 1636 746 1682 0
774 1636 823 1684 D
854 1637 900 1681 Ε
958 1638 1044 1683 11.

431 1753 526 1807 AD
569 1762 944 1806 AUGUSTUM
993 1762 1336 1806 CAESAREM.

245 1882 345 1922 Deos
376 1894 490 1921 omnes
514 1880 622 1919 iratos
645 1876 711 1931 effi
734 1877 903 1918 Romanis
918 1878 968 1935 'ob
993 1876 1138 1931 Caefizris
1154 1879 1302 1920 cadem.-
1326 1892 1432 1919 unam
1452 1875 1520 1918 ἱπιέ

538 1953 626 2006 perii
639 1952 734 2006 spem
756 1951 794 1991 in
819 1952 983 2005 Augusto
1006 1951 1232 2006 constitutam.

250 2046 363 2124 JAM
385 2072 475 2113 satis
492 2072 603 2113 terris
629 2071 732 2112 nivis
753 2083 871 2125 atque
891 2071 984 2112 dirae

248 2135 461 2176 Grandinis
478 2133 577 2173 misit
599 2133 732 2180 Pater,
752 2133 797 2174 δι
820 2133 987 2174 rubente

251 2195 429 2238 Dextera
451 2196 577 2237 sacras
599 2195 788 2248 jaculatus
813 2208 943 2246 arces,

550 2257 711 2299 Terruit
730 2256 879 2299 Urbem
892 2287 905 2307 ,

254 2366 415 2407 Terruit
443 2377 576 2419 gentes
591 2397 603 2415 ,
625 2379 745 2420 grave
765 2379 814 2406 ne
837 2365 979 2406 rediret
1421 2399 1425 2405 .
1459 2383 1462 2386 <
1503 2376 1526 2419 ς

255 2430 435 2473 seculum
462 2429 647 2482 Pyrrhae,
669 2442 775 2469 nova
801 2426 974 2473 monstra,
991 2425 1154 2480 questae:
1223 2436 1226 2440 '

257 2494 388 2535 Omne
406 2505 495 2534 cum
521 2493 683 2533 Proteus
705 2505 822 2546 pecus
839 2492 917 2545 egit
939 2490 1038 2532 altos

524 2586 526 2589 v
555 2554 692 2609 Visere
717 2565 871 2596 montes
880 2567 895 2604 3
