1592 2898
186 215 274 261 262
393 214 452 282 Q
503 212 872 259 HORATII
928 205 1236 261 FLACCI

183 316 255 356 Sed
280 328 408 356 tamen
433 317 487 356 est
506 329 636 371 operae
662 317 825 371 pretium
851 317 1110 371 cognoscere,
1132 320 1264 373 quales

182 378 362 418 AEdituos
383 379 526 418 habeat'
547 379 635 418 belli
662 379 826 435 spessata
847 380 1029 432 domique
1188 393 1190 395 ·
1226 391 1229 394 '
1370 392 1445 434 230

183 439 344 487 Virtus,
371 440 531 492 indigno
557 452 636 479 non
660 441 930 482 committenda
952 441 1094 482 Poetae.

180 499 326 541 Gratus
348 501 572 541 Alexandro
592 502 672 554 regi
694 502 841 554 Magno
859 502 931 543 fuit
953 504 1015 544 ille

182 560 401 609 Choerilus,
427 563 577 602 incultis
598 564 664 616 qui
693 562 867 604 verfibus
891 564 931 604 δι
949 564 1050 604 male
1068 564 1167 605 natis

183 625 333 665 Retulit
353 637 558 680 acceptos,
572 626 712 679 vregale
735 626 942 674 nomisma,
969 627 1177 682 Philippos.

183 684 256 725 Sed
280 686 403 726 veluti
423 687 580 727 ιιιιξὶειιει
605 698 734 727 notam
759 687 963 741 labemque
985 690 1183 729 remittunt
1284 691 1314 712 Ἀ·
1366 699 1440 740 235

182 743 433 792 Ati-amenta,
454 746 532 786 fere
553 745 756 801 scriptores
777 750 946 788 carmine
975 748 1083 789 foedo
1226 743 1230 754 ¹
1283 749 1306 771 ’ἱ

181 805 380 860 Splendida
404 809 502 849 fafiia
519 809 653 849 linunt.
674 809 777 850 Idem
803 824 869 851 rex
892 812 976 859 ille,
1006 825 1143 883 poema

184 870 267 924 Qui
295 883 371 911 tam
388 873 588 913 ridiculum
613 884 691 913 tam
716 888 804 915 care
823 875 1007 929 prodigus
1033 882 1152 923 enit

180 933 316 974 Edicto
339 936 488 983 vetuit,
514 948 563 975 ne
585 937 669 988 quis
682 935 756 994 fe,
781 947 919 991 praeter
941 936 1144 991 Apellen,¹
1172 943 1174 946 ’

181 993 385 1048 Pingeret,
411 1009 476 1037 aut
498 997 593 1037 alius
611 998 786 1053 Lysippo
806 1000 975 1040 duceret
986 1012 1062 1039 aera
1132 1020 1137 1022 >
1365 1009 1443 1047 240

181 1056 309 1098 Fortis
331 1058 539 1098 Alexandri
566 1059 718 1100 vultum
743 1059 968 1101 simulantia.
997 1060 1124 1119 Quod
1144 1060 1195 1100 fi

180 1118 368 1159 Iudicium
392 1119 528 1160 subtile
553 1121 726 1162 videndis
747 1123 892 1163 artibus
911 1121 1005 1163 illud

181 1179 243 1220 Ad
262 1181 382 1222 libros
404 1182 445 1222 ὅ(
463 1184 507 1222 ad
538 1185 619 1224 haec
645 1183 846 1225 Musarum
866 1186 978 1226 dona
986 1196 1171 1233 vocata,

183 1243 400 1283 Boeotum
392 1258 432 1284 ιιι
452 1245 606 1286 crasso
595 1258 745 1298 jurares
762 1260 848 1288 aere
873 1260 1018 1289 natum.
1081 1259 1085 1262 ⁴

180 1304 236 1346 At
254 1318 380 1359 neque
398 1307 632 1347 dedecorant
650 1318 726 1348 tuav
739 1309 785 1349 de
808 1308 845 1348 se
862 1308 998 1362 judicia
1010 1340 1023 1359 ‚
1048 1306 1163 1362 atque
1361 1319 1436 1360 ²45

181 1368 346 1409 Munera
358 1400 369 1417 ‚
393 1383 482 1422 quae
499 1370 619 1411 multa
637 1371 865 1412 dantiscum
889 1372 998 1412 laude
1016 1372 1188 1413 tulerunt
1200 1378 1226 1418 ,'-

181 1428 323 1471 Dileeti
346 1430 416 1472 tibi
440 1431 624 1484 Virgilius
642 1431 864 1486 Variusque
887 1445 1041 1487 poetae:
1124 1439 1126 1442 '

180 1491 270 1550 Nec
290 1493 412 1546 magis
430 1492 589 1547 expreffi
613 1494 744 1535 vultus
769 1507 971 1548 per-aenea
991 1494 1116 1547 signa,
1136 1497 1141 1503 “

182 1554 318 1606 Quam
345 1567 414 1608 per
438 1556 535 1594 vatis
560 1568 662 1610 opus
688 1567 816 1595 mores
837 1555 1030 1608 animique
1054 1554 1231 1594 virorum
1427 1604 1434 1608 „

178 1615 384 1657 Clarorum
404 1617 717 1670 apparentwec:
732 1616 927 1657 sermones
953 1619 1040 1671 e'go‘
1057 1617 1210 1656 mallem
1361 1619 1438 1669 250

179 1679 369 1733 Repentes
391 1692 458 1733 per
482 1673 672 1725 humum,
659 1688 676 1708 ι’
697 1693 814 1732 quam
836 1691 896 1719 res
919 1678 1157 1732 componere
1176 1675 1322 1740 gestan

179 1743 466 1794 Terrarumque
489 1741 603 1788 situs,
627 1741 667 1781 δι
689 1741 845 1782 flumina
871 1742 1026 1789 dicere,
1043 1740 1084 1780 δι
1104 1753 1209 1780 arces

181 1806 384 1846 Montibus
405 1803 622 1859 impositas,
647 1805 688 1845 δι
710 1805 870 1844 barbara
890 1817 1028 1857 regna,
1055 1801 1206 1857 tuisque

182 1868 371 1922 Auspiciis
395 1878 520 1908 toturn
544 1866 733 1909 confecia·
744 1858 868 1907 duellii
885 1880 957 1920 per
981 1866 1143 1913 orb‘ent‘,

180 1930 432 1984 claustraque
450 1929 644 1971 custodem
661 1930 765 1985 pacis
783 1928 999 1969 cohibentia
1022 1927 1186 1976 Ianum,
1359 1937 1433 1979 255

179 1990 228 2031 Et
246 1990 487 2032 formidatam
503 1990 647 2030 Parthis
659 2002 700 2030 te
721 1990 888 2044 principe
909 1990 1104 2030 Romam
1093 2019 1107 2037 ‚
1435 1998 1439 2004 ·

178 2053 243 2100 Si,
262 2066 449 2106 quantum
466 2065 648 2106 cuperem
660 2081 671 2100 ‚
690 2051 836 2106 poffetn
853 2063 1030 2104 quoque:
1049 2049 1110 2089 sed
1125 2050 1251 2100 neque
1268 2059 1433 2102 parvum

179 2115 347 2155 Carmen
374 2113 547 2166 majestas
571 2113 707 2167 recipit
736 2123 827 2159 tua,
853 2125 928 2152 nec
953 2122 1060 2162 nivis
1087 2110 1243 2150 audet*

178 2175 279 2216 Rem
300 2168 447 2216 tentare
467 2176 618 2230 pudor,
638 2177 759 2229 quam
781 2176 884 2215 vires
909 2173 1008 2214 ferre
1034 2172 1218 2213 recusent.

175 2237 362 2278 Sedulitas
379 2249 528 2284 autem,
553 2236 664 2277 stulte
679 2249 794 2306 quem
807 2236 959 2288 diligit,
985 2245 1120 2287 urget;
1355 2230 1434 2272 260

176 2299 372 2369 Praecipue
392 2313 481 2340 cum
505 2298 542 2338 se
561 2299 728 2339 numeris
752 2297 994 2339 commendat
1019 2296 1060 2335 δι
1087 2293 1192 2335 arte-

176 2361 296 2403 Discit
314 2362 413 2402 enim
435 2362 549 2405 citius
567 2359 824 2413 meminitque
831 2359 1006 2399 libentius
1029 2358 1146 2406 illud,

178 2423 304 2479 Quod
328 2423 413 2477 quis
433 2423 598 2472 deridet,
625 2434 743 2476 quam
765 2421 870 2474 quod
888 2420 1028 2474 probat
1051 2420 1093 2460 δι
1118 2427 1336 2460 veneratur.

175 2485 239 2527 Nil
261 2497 394 2531 moror
416 2484 612 2533 officium,
634 2483 741 2539 quod
765 2495 827 2524 me
847 2492 1006 2536 gravat:
1027 2493 1073 2523 ac
1089 2484 1216 2535 ne'que
1238 2477 1330 2519 ίὶᾶο
