1592 2898
278 244 821 294 -·.SERM·0NUM
874 242 1021 290 ΜΒ.
1070 242 1141 288 11.
1286 258 1378 309 199

110 354 209 395 Illud
225 353 324 395 idem
342 353 382 392 in
399 352 571 406 rapidum
595 351 740 391 flumen
755 378 768 398 ‚
788 349 983 402 iaceretve
1006 347 1216 389 cloacam?

112 414 254 468 Quinti
274 414 478 468 progenies
500 414 616 462 Arri,
641 425 711 465 par
731 411 860 452 nobile
877 409 1037 451 fratrum
1050 438 1063 458 ‚

103 472 295 528 ,Nequitia
315 475 356 515 δι
377 475 513 527 nugis,
538 487 751 528 pravorum
774 474 818 514 δι
839 485 974 514 amore
997 470 1201 526 gemellum
1215 499 1229 520 ‚

109 536 305 581 Luscinias
328 535 425 577 soliti
446 535 620 590 impenso
642 536 832 590 prandere
854 547 1040 576 coemtas.
1297 541 1372 586 245

110 597 317 652 Quorsum
343 598 508 643 abeant?
532 597 609 638 sani
632 608 677 638 ut
700 607 829 645 creta,
849 609 900 635 an
919 595 1090 637 carbone
1114 592 1305 635 notandi?

107 659 315 704 'AEdificare
336 659 461 708 casas,
485 657 662 713 plostello
681 657 894 710 adjungere
919 668 1048 701 mures
1061 684 1074 703 ‚

109 722 260 764 Ludere
284 735 353 776 par
371 724 518 777 impan
541 721 717 774 equitare
739 722 781 760 in
800 718 983 760 arundine
1004 718 1145 771 longa,

109 783 150 824 Si
169 797 286 839 quem
307 783 474 826 delectet
488 782 690 822 barbatum
706 811 721 828 ,
744 781 914 821 amentia
939 778 1079 820 verset.

0 833 4 842 ⁵
24 842 26 845 ’
110 844 151 886 Si
173 845 360 899 puerilius
379 844 462 892 his,
482 844 582 884 ratio
605 841 681 883 effe
699 843 855 882 evincet
869 872 881 890 ,
905 853 1064 891 amare;
1298 847 1377 895 250

111 905 198 946 Nec
217 905 428 960 quidquam
447 902 621 951 differre,
641 913 823 943 utrumne
841 903 880 943 in
901 903 1087 957 pulvere,
1107 902 1243 943 trimus
1270 917 1275 922 ’

112 966 247 1020 Quale
272 968 401 1020 prius,
423 966 532 1007 ludas
552 978 679 1020 opus,
703 977 750 1005 an
770 966 975 1006 meretricis
1000 978 1134 1006 amore

110 1029 308 1069 Sollicitus
324 1028 471 1082 plores:
493 1041 655 1081 quaero,
679 1026 864 1073 faciasne,
886 1028 994 1081 quod
1011 1027 1106 1068 olim

108 1089 288 1131 Mutatus
308 1089 519 1130 Polemon?
540 1101 666 1142 ponas
690 1087 851 1141 insignia
875 1088 1028 1135 morbi,

110 1151 326 1200 fasciolas,
345 1150 487 1191 cubital
500 1180 512 1197 ,
530 1148 670 1190 focalia
683 1179 699 1196 ,
723 1161 840 1204 potus
860 1160 904 1189 ut
927 1148 991 1189 ille
1299 1160 1374 1203 255

110 1214 268 1255 Dicitur
288 1226 335 1254 ex
358 1211 470 1254 collo>
487 1210 618 1252 furtim
645 1210 818 1265 carpfiffe
838 1223 1036 1258 coronas,

112 1275 316 1330 Postquam
336 1275 391 1316 est
415 1273 594 1328 impranfi
613 1283 816 1327 correptus
842 1286 945 1314 voce
966 1272 1161 1327 magistri?

110 1338 277 1392 Porrigis
301 1338 402 1377 irato
429 1349 553 1390 puero
575 1348 663 1377 cum
687 1349 831 1389 poma,
860 1335 1032 1377 recusat:

107 1399 249 1446 Sume,
267 1397 439 1447 Catelle3
461 1409 597 1452 negat:
622 1397 651 1438 fi
679 1410 760 1438 non
779 1398 870 1448 des,
893 1409 1018 1451 optat.
1047 1397 1214 1439 Amator

108 1461 297 1503 Exclusus
310 1461 383 1515 qui
396 1460 527 1509 distat,
545 1462 625 1515 agit
640 1461 710 1502 ubi
734 1460 861 1502 secum
873 1492 885 1509 ,
906 1472 967 1501 eat
978 1490 991 1509 ‚
1015 1473 1064 1500 an
1081 1473 1185 1510 non,
1294 1457 1372 1500 260

111 1523 215 1578 Quo
232 1523 421 1564 rediturus
434 1533 515 1563 erat
535 1536 618 1564 non
632 1522 828 1564 arceffitus
841 1553 853 1572 ,
875 1524 915 1563 δι
939 1523 1059 1563 haeret

109 1584 250 1627 Invifis
266 1584 439 1626 foribus?
465 1585 527 1625 Ne
550 1597 679 1632 nunc,
702 1598 792 1626 cum
818 1597 881 1624 me
909 1595 1029 1624 vocat
1055 1584 1186 1633 ultro,

109 1645 330 1689 Accedam?
357 1658 406 1686 an
430 1647 558 1699 potius
579 1647 747 1688 mediter.
762 1646 872 1688 finire
898 1646 1083 1687 dolores?

108 1708 302 1756 Exclusit,
326 1721 508 1749 revocat:
534 1709 714 1749 redeam?
742 1711 858 1758 Non,
883 1709 912 1750 fi
932 1708 1122 1751 obsecret.
1158 1708 1259 1749 Ecce

109 1770 274 1819 Servus,
290 1783 371 1810 non
387 1770 505 1823 paulo
521 1769 749 1823 sapientior:
773 1770 814 1812 Ο
836 1772 929 1812 here
942 1801 953 1821 ,
977 1785 1067 1825 quae
1089 1784 1150 1812 res
1188 1797 1190 1799 >
1297 1769 1372 1825 265

109 1833 196 1873 Nec
215 1831 373 1872 modum
391 1831 527 1877 habet,
553 1844 679 1885 neque
696 1832 896 1872 confilium
909 1864 923 1880 ,
938 1834 1088 1874 ratione
1109 1832 1308 1885 modoque

108 1892 284 1935 Tmuari
302 1905 383 1932 non
413 1892 522 1933 vult:
549 1893 588 1932 in
611 1906 745 1934 amore
768 1894 852 1934 haec
877 1893 963 1934 sunt
985 1895 1105 1935 mala:
1130 1894 1271 1936 bellum
1285 1925 1300 1944 ,

107 1955 189 1996 Pax
207 1953 381 1996 rursum:
399 1953 483 1994 haec
505 1953 533 1993 fi
553 1955 642 2007 quis
661 1956 896 2008 tempestatis
917 1969 1040 2010 prope
1061 1956 1139 1997 ritu

106 2016 294 2065 Mobilia,
313 2016 355 2056 δι
376 2028 482 2056 caeca
506 2016 694 2057 fluitantia
716 2017 837 2066 sorte,
857 2019 1008 2060 laboret

106 2076 284 2117 Reddere
304 2087 409 2117 certa
433 2076 526 2126 fibi,
549 2078 668 2118 nihilo
690 2079 776 2132 plus
797 2080 990 2133 explicet,
1012 2094 1057 2122 ac
1075 2080 1106 2122 fi
1296 2089 1374 2134 270

104 2137 275 2178 Insanire
294 2148 402 2192 paret
423 2149 530 2178 certa
548 2140 702 2181 ratione
724 2142 936 2195 modoque.

107 2198 245 2253 Quid?
268 2212 358 2240 cum
377 2199 524 2241 Picenis
542 2214 751 2255 excerpens
776 2203 921 2244 semina
938 2204 1092 2258 pomis,

107 2261 288 2308 Gaudes,
306 2260 334 2300 sl
357 2274 546 2303 cameram
567 2264 729 2316 percusti
752 2264 854 2306 forte
868 2296 880 2314 ‚
902 2280 1019 2321 penes
1037 2279 1077 2308 te
1098 2265 1182 2308 es?

107 2323 244 2376 Quid?
269 2337 356 2363 cum
387 2325 497 2365 balba
526 2324 614 2371 feris
631 2327 781 2368 annoso
801 2330 922 2370 verba
948 2330 1107 2384 palato,

108 2385 338 2426 AEdificante
363 2385 465 2427 casas
483 2388 552 2440 qui
570 2385 736 2429 sanior?
770 2389 882 2430 Adde
902 2404 1085 2433 cruorem
1297 2402 1373 2446 275

106 2447 284 2488 Stultitiae
296 2477 309 2494 ,
328 2457 444 2500 atque
461 2449 585 2501 ignem
603 2451 729 2503 gladio
745 2451 938 2493 scrutare:
961 2455 1081 2495 modo
1093 2484 1108 2502 ,
1128 2454 1284 2509 inquam
1299 2482 1313 2504 ‚

106 2507 268 2550 Hellade
283 2508 454 2562 percuffa
473 2510 620 2552 Marius
638 2525 727 2554 cum
747 2514 959 2569 praecipitat
976 2515 1038 2563 se,
1343 2514 1351 2520 ’

1038 2586 1129 2636 N4
