1592 2898
324 244 938 297 EPISTOLARUM
988 243 1212 323 L11331.
1254 249 1257 251 ·
1311 259 1405 306 247

134 352 281 394 Cacus
297 350 370 392 iter
391 348 605 390 monstrare
628 346 751 388 velit:
776 355 906 386 tamen
931 342 1099 397 adspfce,
1120 342 1151 383 fi
1168 343 1263 398 quid

137 415 190 456 Et
208 426 307 462 nos,
330 412 437 468 quod
461 424 575 453 cures
595 410 795 465 proprium
818 406 969 455 feciffe,
996 407 1219 460 loquamur.
1378 417 1408 458 ’ς

135 476 177 519 δί
199 487 239 517 te
258 486 366 529 grata
385 475 500 529 quies
527 475 569 516 δι
598 474 760 527 primam
786 471 944 512 somnus
965 470 1004 509 in
1026 470 1164 510 horam

136 537 343 588 Delefiat3
366 537 396 577 st
423 549 462 578 te
486 534 891 592 pulvis'strepitusque
917 544 1094 573 rotarum
1111 562 1126 580 ‚

138 601 179 642 Si
197 602 302 644 laedit
320 611 523 655 mupona3
549 599 798 640 Ferentinum
826 598 881 637 ire
903 595 1076 649 jubebo:

139 664 244 706 Nam
268 676 396 718 neque
414 663 599 704 divitibus
621 662 859 715 contingunt
878 660 1020 714 gaudia
1046 658 1164 709 solis;

137 724 226 768 Nec
248 726 348 767 vixit
367 723 488 775 male,
510 725 580 778 qui
602 735 717 765 natus
738 722 984 778 moriensque
1011 721 1160 764 fefellit.
1364 733 1413 763 ιο

140 788 183 830 Si
206 787 379 843 prodesse
401 789 500 838 tuis,
530 788 728 842 pauloque
757 787 958 840 benignius
983 785 1107 840 ipsum

140 850 204 892 Te
223 849 388 891 tra&are
409 849 546 898 volem
576 849 732 890 accedes
754 847 877 890 siccus
902 848 949 888 ad
974 847 1151 888 unflum.
1166 867 1213 877 —

143 913 183 954 Si
211 913 415 966 pranderet
437 913 526 954 olus
546 914 757 968 patienter,
780 912 941 966 regibus
966 911 1025 952 uti

142 974 278 1015 Nollet
298 973 524 1028 Aristippus.
544 997 590 1007 --
604 973 646 1015 Si
674 974 784 1015 sciret
804 973 961 1027 regibus
986 973 1041 1013 uti
1054 1001 1067 1021 ,

143 1036 345 1095 fastidiret
365 1036 477 1086 olus,
498 1035 569 1089 qui
596 1048 659 1076 me
688 1047 810 1076 notat.
828 1058 873 1066 —
887 1035 1025 1076 utrius
1047 1035 1190 1075 horum
1370 1044 1418 1088 ις

141 1100 281 1143 Verba
299 1099 448 1154 probes-
465 1099 508 1140 &
531 1098 630 1140 facta
646 1128 659 1149 ,
687 1099 811 1148 doce;
835 1098 901 1139 vel
918 1098 1056 1150 junior
1075 1098 1190 1145 audi,

143 1163 230 1205 Cur
253 1163 301 1203 fit
322 1162 503 1216 Aristippi
530 1162 661 1217 potior
683 1161 895 1202 sententia:
927 1171 1097 1212 namque

145 1227 372 1268 Mordacem
395 1225 593 1278 Cynicum
615 1225 667 1266 fic
690 1225 896 1272 eludebat,
918 1233 964 1264 ut
984 1222 1114 1276 ajunt:
1131 1244 1178 1254 -

146 1287 313 1328 §cun-or
337 1299 414 1340 ego
433 1285 512 1340 ipse
533 1285 655 1334 mihi,
675 1285 828 1340 populo
857 1295 923 1325 tu:
951 1284 1093 1324 rectius
1115 1282 1195 1323 hoc
1219 1282 1262 1322 δι

146 1347 388 1401 splendidius
413 1348 540 1389 multo
561 1346 642 1396 est3
666 1345 792 1400 equus
811 1356 856 1386 ut
878 1358 942 1386 me
971 1355 1121 1399 portet,
1148 1344 1229 1384 alat
1252 1355 1343 1393 rex,
1372 1354 1423 1383 ιο

147 1410 334 1452 Officium
364 1409 493 1451 facio:
528 1419 572 1450 tu
597 1408 721 1463 poscis
747 1408 840 1449 vilia
868 1420 997 1448 rerum
1385 1397 1394 1403 ”

146 1473 280 1514 Dante
292 1473 450 1521 minor,
478 1472 661 1526 quamvis
682 1470 760 1511 fers
782 1482 823 1511 te
851 1470 992 1510 nullius
1017 1480 1208 1523 egentem.
1225 1490 1272 1500 —

146 1533 291 1576 Omnis
311 1531 554 1585 Aristippum
577 1531 706 1572 decuit
726 1531 862 1579 color,
882 1530 924 1570 &
946 1529 1092 1577 status,
1114 1530 1155 1570 &
1176 1543 1264 1577 res,

147 1597 380 1639 Tentantem
408 1592 559 1646 majora
580 1623 595 1641 ,
622 1592 704 1633 fere
725 1592 978 1646 praesentibus
997 1605 1169 1645 aequum.

149 1655 325 1704 Contra,
351 1667 468 1709 quem
493 1654 638 1707 duplici
663 1666 793 1706 panno
811 1652 997 1706 patientia
1022 1650 1156 1699 velat,
1352 1662 1425 1706 >25

151 1715 354 1762 Mirabon
376 1716 471 1755 vitae
493 1717 562 1756 via
586 1715 615 1755 fi
638 1714 828 1757 conversa
847 1715 1015 1755 decebit.

151 1778 265 1819 Alter
293 1789 533 1830 purpureum
563 1790 646 1817 non
672 1777 904 1830 exspeetabit
934 1778 1144 1826 amiElum‚

152 1838 359 1893 Quidlibet
383 1838 540 1878 indutus
564 1838 813 1879 celeberrima
836 1853 907 1893 per
935 1839 1025 1880 loca
1046 1840 1183 1889 vadet,

150 1901 437 1954 personamque
458 1899 571 1942 feret'
587 1913 670 1941 non
695 1902 953 1942 inconcinnus
967 1914 1193 1954 utramque:

154 1964 267 2005 Alter
290 1962 413 2002 Mileti
439 1974 586 2003 textam
611 1976 707 2004 cane
731 1963 843 2016 pejus
872 1965 913 2004 &
931 1976 1057 2017 angue
1378 1976 1429 2018 30

151 2025 304 2065 Vimbit
328 2025 601 2078 chlamydeuu
639 2027 827 2069 morietur
848 2024 1024 2080 ffigore,
1049 2025 1078 2066 fi
1104 2039 1184 2067 non

154 2086 350 2129 Retuleris
370 2100 561 2141 pannum:
589 2088 715 2137 refer,
738 2089 780 2129 δι
805 2089 888 2129 fine
899 2089 1009 2129 vivat
1029 2089 1194 2142 ineptus.

156 2150 239 2191 Res
263 2161 397 2202 gerere
411 2180 424 2198 ,
447 2150 488 2190 δι
514 2161 652 2204 captos
678 2151 880 2192 ostendere
913 2151 1065 2192 civibus
1083 2151 1246 2200 hostes‚'
1270 2169 1302 2176 ··

157 2212 327 2264 Attingit
347 2210 483 2252 solium
507 2213 648 2261 Iovis,
671 2213 714 2253 &
735 2213 906 2254 coelestia
923 2224 1066 2255 tentat:

155 2272 397 2324 Principibus
422 2273 602 2326 placuiffe
626 2274 743 2324 viris,
774 2287 858 2315 non
890 2275 1025 2315 ultima
1057 2276 1140 2316 laus
1167 2275 1234 2317 est.
1302 2322 1306 2326 g
1377 2288 1428 2331 35

157 2334 254 2375 Non
284 2335 408 2374 cuivis
437 2335 589 2376 homini
617 2335 807 2388 contingit
830 2336 934 2376 adire
963 2335 1213 2378 Corinthum.

160 2397 287 2442 Sedit,
310 2396 527 2449 qui-timuit
550 2411 600 2439 ne
627 2400 718 2439 non
737 2399 974 2440 succederet:
996 2400 1103 2442 esto:

160 2457 295 2510 Quid,
328 2458 394 2511 qui
421 2461 600 2512 pervenit
615 2492 628 2511 ,
655 2460 798 2513 fecitne
822 2461 1015 2502 viriliter?
1037 2463 1162 2518 Atqui

163 2519 238 2562 Hic
260 2519 339 2570 est,
356 2531 424 2561 aut
447 2521 659 2576 nusquam,
681 2523 790 2577 quod
813 2525 1046 2578 quaerimus:
1072 2525 1138 2565 hic
1157 2537 1260 2566 onus
1279 2523 1413 2566 horret
1419 2532 1435 2571 3

1093 2586 1192 2640 Q4
