1592 2898
223 255 304 290 111
468 240 807 289 NOTITIA
839 240 1257 290 LJTERARJA

227 333 332 389 1589
386 331 426 373 P.
444 332 488 374 G.
509 334 669 374 Chabotii
690 332 730 373 in
750 334 803 384 Q.
826 332 878 373 H.
900 332 942 374 F.
962 341 1142 384 poemata
1160 332 1343 386 expofitio
1367 333 1504 387 analyz

388 388 474 427 tica.
494 387 563 428 Per
577 386 722 428 Leonh.
738 388 947 427 Ostenium.
967 387 1074 428 Bafil.
1093 388 1131 428 8.

222 441 542 492 ——Opem
563 454 630 493 per
649 443 734 482 Ant.
751 440 913 483 Turdiff.
938 441 1060 492 Lugd.
1088 455 1148 484 12.

228 509 332 552 ¹590
387 496 535 546 Opera,
551 508 640 535 cum
662 495 763 535 notis
777 496 967 543 Politiani,
979 497 1142 538 Sabellici
1150 527 1165 545 ,
1177 496 1387 538 Munatii&
1403 495 1499 537 alio·
1577 512 1579 514 ·

387 563 483 590 rum.
506 551 575 601 Ap.
591 549 810 591 Bertellum.
831 550 967 591 venet.
992 549 1060 591 fol.

223 605 570 645 ——Poemata
590 616 677 644 cum
697 617 842 656 argum.
865 606 901 645 ἃ
923 613 1056 646 annot.
1084 603 1185 645 Guil.
1205 604 1409 659 Xylandri,
1427 615 1498 656 pet

387 659 529 701 Matth.
550 657 748 700 Harnisch.
772 658 950 699 Neostad.
968 658 1017 700 8:

229 727 326 769 1591
386 714 426 755 P.
442 713 486 754 G.
502 714 660 753 Chabotii
677 712 856 763 praeledtt.
873 713 912 751 in
931 712 980 763 Q.
1008 712 1057 753 H.
1076 712 1117 754 F.
1143 720 1334 765 poemata.
1368 726 1391 753 2
1405 711 1501 754 voli.

386 780 454 819 per
476 766 620 808 Leonh.
639 766 850 808 Ostenium.
867 766 974 807 Bafil.
994 766 1064 808 fol.

389 825 476 863 Ant.
503 822 687 863 Riccoboni
711 819 915 869 Defensor,
941 819 1003 860 seu
1024 834 1093 871 pro
1124 822 1207 871 ejus
1233 819 1419 873 opinione
1450 820 1500 860 de

387 877 533 916 Horatii
547 875 615 926 Ep.
627 877 677 915 ad
691 874 843 916 Pisones
853 905 865 923 ,
881 875 919 914 in
933 875 1019 918 Nic.
1031 874 1260 924 Gelonium,
1278 887 1344 927 per
1356 874 1502 917 Bened.
1589 919 1592 929 .

387 929 716 973 Mammarellum.
744 928 887 970 Ferrar.
915 944 955 978 4.

224 984 505 1036 ——Epist.
525 984 612 1025 Nic.
633 984 765 1025 Colonii
783 983 831 1023 ad
854 986 939 1024 Ant.
958 985 1197 1024 Riccobonum.
1219 982 1344 1023 PataV.
1361 998 1401 1033 4.

225 1039 618 1080 ——Conciliatio
633 1041 721 1078 Ant.
741 1038 927 1078 Riccobom'
943 1048 1034 1078 cum
1052 1037 1216 1078 Nicolao
1233 1038 1360 1078 Colono
1377 1037 1424 1076 ad
1442 1035 1500 1078 111.

391 1096 426 1135 &
446 1093 513 1134 Ex.
527 1093 648 1134 Princ.
664 1091 768 1134 Alex.
782 1090 985 1133 Estensem.
1005 1092 1118 1143 Apud
1137 1091 1248 1134 Laut.
1261 1090 1503 1142 Pasquatum.

387 1148 512 1190 Patav.
534 1162 573 1197 4.
616 1177 620 1183 .

226 1202 520 1257 ——Angeli
537 1201 713 1256 Pagnonii
729 1201 769 1240 in
789 1199 838 1251 Q.
858 1199 910 1241 H.
930 1199 971 1241 F.
990 1199 1140 1252 Satyras
1159 1205 1275 1250 atque
1293 1199 1388 1250 Epp.
1410 1211 1505 1249 prae-

389 1257 506 1306 fatio,
525 1258 560 1296 &
581 1255 650 1296 inl
672 1256 844 1308 Satyram
861 1254 1188 1304 Commentarius,
1209 1254 1312 1306 apud
1328 1253 1388 1302 Jo.
1406 1251 1504 1293 Ros..

391 1312 500 1352 fium.
519 1310 667 1350 Bonon.
685 1326 723 1360 4.

229 1366 487 1417 --—-Epp.
511 1364 614 1405 Libri
633 1363 687 1413 ΙΙ,
708 1376 775 1415 per
796 1363 949 1405 Petrum
972 1361 1062 1403 Elis.
1083 1362 1229 1413 Andeg.
1247 1375 1286 1412 4.

229 1423 463 1461 --Ars
490 1419 665 1471 poetica,
695 1430 727 1457 c.
764 1426 937 1459 annotat.
967 1416 1100 1458 Franc.
1120 1417 1250 1457 sanctii
1273 1415 1504 1471 (Sanclzezq

393 1472 586 1516 Bacarens.
611 1471 729 1514 Salm.
747 1472 784 1512 8.
891 1469 899 1477 '

237 1545 337 1586 ¹592
395 1530 444 1579 Q
473 1528 522 1568 H.
546 1526 586 1567 F.
611 1540 700 1566 cum
721 1527 814 1567 Aldi
835 1527 943 1566 Man.
969 1527 1005 1566 δι
1029 1525 1161 1566 Mureti
1182 1531 1372 1564 annotatt.
1398 1522 1505 1575 apud
1568 1534 1571 1536 ’

397 1588 483 1624 Ant.
500 1580 736 1632 Gryphium,
752 1580 889 1620 excud.
904 1579 987 1628 Jac.
1004 1579 1115 1620 Stoer.
1133 1577 1254 1629 Lugd.
1271 1577 1310 1618 B.
1333 1578 1371 1618 8.
1440 1595 1442 1598 ’

237 1653 337 1696 1593
396 1638 547 1688 Opera,
564 1647 652 1674 cum
676 1633 888 1686 paraphrafi
904 1633 933 1674 F
938 1633 1010 1674 rid.
1034 1635 1166 1680 Cemri,
1181 1632 1330 1672 additus
1351 1630 1504 1672 libellus

396 1690 532 1731 incerti
555 1691 719 1729 auctoris
738 1689 788 1729 de
809 1701 850 1728 re
871 1687 1042 1740 poetica,
1063 1699 1131 1739 pet
1152 1686 1312 1736 Hieron.
1330 1684 1510 1737 Discipuq

397 1746 492 1786 lum.
514 1744 651 1784 Veron.
669 1759 708 1793 4.
900 1759 905 1762 ⁴
1328 1751 1331 1755 ⁴
1427 1762 1431 1765 ·

399 1799 614 1850 Cruquiana
633 1798 699 1848 lV,
723 1809 744 1837 e
762 1796 830 1838 111.
853 1796 974 1848 Lugd.
990 1795 1031 1837 B.
1056 1809 1094 1844 4.

399 1854 582 1896 Poemata
601 1864 691 1893 cum
709 1864 814 1903 argg.
829 1853 866 1892 &
885 1850 1036 1902 castigg.
1057 1848 1103 1891 G.
1119 1847 1279 1890 Fabricii.
1298 1845 1404 1900 Lips.
1428 1847 1468 1890 8.
1487 1886 1489 1888 ,

235 1933 388 1946 --
401 1909 454 1959 Q.
472 1907 522 1948 H.
543 1906 585 1948 F.
603 1914 844 1957 expurgatus.
866 1904 988 1957 Lugd.
1017 1918 1079 1944 12.-
1240 1918 1245 1929 .

241 1981 258 2007 1
269 1980 344 2021 594
391 1963 440 2004 P.
456 1962 635 2009 Chabotii,
651 1961 792 2002 Pidrou.
809 1959 969 2010 Sanlup.
985 1959 1203 2000 Comment.
1218 1955 1319 2007 tripl.
1331 1956 1371 1995 in
1386 1957 1436 2007 Q.
1451 1955 1510 1999 Hi

400 2016 443 2058 F.
459 2015 607 2067 Opera,
628 2027 694 2066 per
711 2013 858 2056 Leonh.
874 2012 1085 2054 Ostenium.
1102 2010 1211 2053 Bafil.
1227 2010 1297 2051 fol.

402 2134 526 2164 tutem
550 2124 779 2164 Romanam.
806 2121 833 2164 s.
855 2121 882 2163 l.
907 2136 945 2172 4.
1412 2148 1415 2151 -

404 2179 583 2220 Poemata
603 2179 731 2217 omnia
744 2208 756 2225 ,
774 2189 834 2228 ap.
849 2174 908 2216 Fr.
922 2173 1243 2226 Raphelengium.
1264 2172 1387 2224 Lugd.
1405 2173 1447 2214 B.
1468 2172 1507 2214 8.

244 2248 342 2291 1595
402 2232 569 2284 Analyfis
587 2225 714 2282 lo‘gica
731 2230 906 2270 omnium
926 2228 1021 2280 Epp.
1035 2229 1131 2270 Artis
1148 2229 1306 2268 Poeticae
1333 2229 1369 2268 &
1386 2226 1509 2268 sele&

403 2287 553 2336 aliquot
578 2285 775 2334 odarum,
798 2284 905 2325 auth.
929 2283 990 2332 Jo.
1014 2284 1210 2336 Pisenore,
1236 2294 1304 2333 per
1328 2279 1512 2323 Bernard.

401 2341 596 2382 Albinum.
615 2341 734 2391 Spirae
747 2339 862 2380 Nem.
883 2337 921 2378 8.

404 2447 651 2498 Heidelberg.
672 2448 711 2489 8.

245 2504 348 2561 1596
402 2504 657 2599 1Iiczmhiniffmffi
688 2517 710 2542 2
735 2500 828 2542 voll.
856 2500 960 2553 apud
985 2498 1145 2541 heredes
1171 2499 1286 2539 Andr.
1309 2494 1510 2551 Weqheli.

435 2568 549 2597 tanco
568 2586 577 2597 .
602 2571 638 2607 4.
684 2604 686 2606 ¹
810 2566 815 2570 ·

404 2074 493 2112 Ant.
523 2070 689 2124 Thylefii,
715 2067 896 2109 Consent.
921 2068 963 2107 in
984 2066 1091 2108 Odas
1114 2065 1282 2116 auspicia
1301 2064 1352 2104 ad
1373 2065 1510 2114 juven-⁴
1582 2048 1585 2051 ¹

403 2394 538 2437 Lamb.
555 2392 748 2444 Ludolphi
770 2392 940 2447 Pithopoei
957 2389 1172 2443 paraphras.
1194 2391 1234 2430 in
1253 2391 1382 2431 Artem
1406 2390 1515 2441 poet.⁴
1579 2399 1592 2422 ’π
