1592 2898
171 217 232 261 14
372 206 433 273 Q-
501 206 879 258 HORATII
943 211 1245 265 FLAcm

86 358 90 363 Ι
165 309 344 351 Tentaris
366 324 564 354 numeros.
593 314 650 355 Ut
680 315 837 364 melius,
858 318 1047 374 quidquid
1071 322 1172 371 erit,
1196 325 1298 378 pati!

165 371 245 412 Seu
269 373 396 426 plures
420 373 587 422 hiemes,
611 375 678 417 seu
697 377 834 419 tribuit
855 379 1031 434 Iuppiter
1057 382 1255 435 ultimam,

164 435 278 489 Quae
303 450 408 477 nunc
431 437 620 493 oppositis
650 440 820 483 debilitat
843 443 1065 497 pumicibus
1090 461 1195 489 mare
1235 478 1243 485 -
1418 461 1441 504 ς

165 496 431 550 Tyrrhenum.
462 500 613 555 Sapias,
636 502 732 542 vina
755 503 902 558 liques,
923 505 965 547 δι
987 505 1110 561 spatio
1132 509 1243 550 brevi

164 557 283 611 Spem
307 559 462 614 longam
488 561 644 603 reseces.
673 561 782 603 Dum
811 565 1033 619 loquimur,
1056 566 1198 623 fugerit
1217 570 1348 612 invida

165 620 290 663 AEtas.
315 621 444 678 Carpe
468 623 596 675 diem,
624 637 743 679 quam
765 627 968 671 minimum
985 631 1139 674 credula
1164 633 1333 688 postero.

427 779 435 807 o
601 763 790 811 ODE
850 770 1010 816 XII.

458 876 568 918 AD
629 877 1140 924 AUGUSTUM.

221 978 333 1029 Diis,
354 979 531 1030 heroibus,
561 979 709 1034 virisque
733 981 865 1035 aliquot
887 982 993 1022 claris
1022 984 1200 1038 laudatis,
1219 989 1382 1043 postremo

577 1048 785 1084 commendat
809 1046 1022 1099 Augustum.

253 1152 350 1182 utM
380 1141 511 1187 uirum
533 1150 600 1182 aut
625 1142 746 1184 heroa
767 1144 857 1196 lyra
882 1145 949 1187 vel
968 1147 1047 1190 acri

166 1207 283 1248 Tibia
303 1205 418 1246 sumis
440 1206 635 1247 celebrare
650 1237 664 1254 ,
695 1206 812 1248 Clio?

166 1269 304 1323 Quem
323 1267 479 1309 Deum?
505 1265 621 1320 cujus
646 1269 791 1310 recinet
812 1270 949 1323 jocosa

465 1329 623 1370 Nomen
646 1330 801 1384 imago,

165 1435 250 1478 Aut
270 1436 311 1478 in
334 1433 527 1475 umhrofis
547 1433 747 1476 Heliconis
770 1436 878 1483 oris,
1413 1454 1434 1497 ς

165 1501 251 1540 Aut
273 1498 385 1552 super
409 1497 553 1546 Pindo,
574 1497 753 1551 gelidove
774 1499 815 1538 in
842 1499 1019 1541 Haemo‘?
1095 1518 1103 1528 ·

165 1563 281 1605 Unde
301 1560 480 1604 vocalem
507 1571 654 1601 temere
680 1560 860 1603 insecutae

461 1623 624 1678 Orphea
652 1623 782 1672 silvae,

166 1729 266 1771 Arte
291 1741 462 1770 materna
482 1728 636 1783 rapidos
665 1738 885 1770 morantem

164 1790 385 1831 Fluminum
413 1789 558 1844 lapsus,
578 1789 795 1844 celeresque
821 1802 987 1842 ventos,
1390 1805 1441 1837 ιο

166 1853 358 1896 Blandum
388 1854 430 1895 δι
450 1854 591 1893 auritas
616 1852 757 1893 fidibus
785 1854 941 1895 canoris

464 1915 625 1958 Ducere
653 1929 834 1971 quercus.

164 2021 280 2077 Quid
305 2023 412 2077 prius
437 2022 559 2064 dicam
585 2022 702 2063 solitis
726 2021 899 2064 Parentis

165 2085 389 2127 Laudibus?
420 2086 490 2139 qui
511 2098 571 2126 res
596 2086 795 2126 hominum
828 2099 875 2127 ac
901 2084 1109 2135 Deorumj
1165 2106 1169 2110 ·

167 2148 258 2203 Qui
280 2160 387 2188 mare
411 2160 456 2188 ac
477 2158 622 2194 terras,
652 2147 845 2201 variisque
871 2147 1057 2188 mundum
1387 2155 1436 2201 ις

462 2207 672 2262 Temperat
700 2207 836 2249 horis?

166 2315 281 2356 Unde
296 2314 348 2355 nil
374 2314 503 2367 majus
522 2325 726 2366 generatur
752 2312 862 2367 ipso,

165 2376 251 2419 Nec
276 2378 384 2431 viget
405 2377 614 2431 quidquam
638 2376 759 2416 {imile
786 2387 853 2416 aut
877 2375 1114 2419 secundum2

108 2483 111 2487 ,
167 2437 374 2483 Proximos
397 2438 453 2479 illi
476 2449 604 2477 tamen
626 2437 838 2490 occupavit

464 2498 586 2541 Pallas
612 2499 798 2541 honores.
1384 2506 1439 2538 20
