1592 2898
234 238 339 281 ’120
428 229 489 300 Q·
555 213 957 280 HoRATn'
1006 227 1319 280 FLAcm

681 415 876 486 ODE
934 412 1116 491 ΧΠ.7

527 560 639 604 AD
692 559 1221 604 VIRGILIUM.

235 692 416 746 Describit
449 694 540 734 veris
576 696 767 735 adventum
783 711 796 736 .·
829 706 904 735 tum
935 708 1013 735 eum
1037 695 1172 735 invitat
1199 697 1253 734 ad
1279 693 1428 749 epulas,
1469 708 1510 734 ea

288 756 512 803 condicione,
539 768 578 795 ut
598 756 718 809 secum
739 771 807 811 pro
820 755 991 810 symbola
1004 787 1018 806 ,
1048 757 1215 811 unguenti
1249 757 1392 797 nardini
1414 771 1510 809 ony-

290 819 385 858 chem
414 819 552 872 afferat.

234 907 274 983 J
277 949 346 978 ΑΜ
368 938 483 979 Veris
508 938 697 987 comites,
725 952 816 992 quae
845 946 951 980 mare
972 949 1214 993 temperant,

233 998 442 1052 Impellunt
469 998 608 1038 animae
633 997 750 1039 lintea
768 999 972 1041 Thraciae:

232 1058 318 1104 Jam
341 1076 413 1104 nec
438 1074 547 1116 prata
569 1061 719 1114 rigent,
742 1075 815 1103 nec
836 1063 948 1103 fluvii
969 1063 1142 1119 strepunt

531 1123 705 1165 Hiberna
729 1125 823 1165 nive
849 1125 1005 1178 turgidi.

231 1216 376 1257 Nidum
403 1215 515 1270 ponit
529 1246 541 1264 ,
565 1213 661 1267 Ityn
685 1214 862 1255 flebiliter
888 1223 1075 1269 gemens3
1486 1230 1509 1271 ς

230 1278 367 1319 Infelix
394 1279 505 1325 avis,
534 1278 577 1319 &
606 1277 812 1331 Cecropiae
844 1278 1002 1320 domus‘

232 1344 437 1390 AEternum
460 1340 719 1396 opprobrium
736 1370 748 1388 ‚
772 1339 880 1394 quod
899 1340 1000 1381 male
1026 1335 1223 1398 barbaras¹
1288 1334 1294 1339 ’

532 1402 690 1456 Regum
712 1401 766 1443 est
794 1402 877 1442 ulta
898 1401 1084 1443 libidines.

638 1490 732 1504 ,,,,,

229 1562 421 1604 Custodes
445 1560 581 1601 ovium
608 1554 789 1599 carmina
813 1552 967 1606 fistula,
1122 1555 1127 1559 ’
1384 1552 1386 1555 ’
1457 1569 1508 1599 10

227 1624 513 1677 Dele&antque
538 1621 697 1668 Deum,
726 1620 802 1660 cui
819 1631 937 1674 pecus
965 1619 1008 1660 &
1030 1619 1130 1674 nigri

525 1682 661 1724 Colles
684 1681 862 1723 Arcadiae
889 1681 1054 1736 placent.

225 1775 436 1822 Adduxere
458 1779 555 1819 fitim
582 1787 789 1831 tempora,
820 1771 991 1830 virgili.
981 1788 992 1798 ·

225 1843 299 1885 Sed
321 1842 488 1896 preffum
511 1841 674 1882 Calibus
695 1839 838 1879 ducere
864 1839 1049 1879 Liberum

225 1905 264 1948 Si
289 1905 428 1962 gestis,
446 1903 639 1958 juvenum
671 1902 862 1943 nobilium
890 1902 1033 1951 cliens,
1451 1913 1501 1956 ¹5

525 1966 662 2007 Nardo
687 1965 779 2006 vina
809 1964 1019 2005 merebere.

225 2067 345 2110 Nax-di
370 2078 515 2120 parvus
543 2076 661 2116 onyx
686 2045 815 2103 eliciet
842 2061 1010 2111 cadum,

221 2124 311 2182 Qui
337 2141 442 2169 nunc
463 2127 638 2180 Sulpiciis
666 2126 833 2166 accubat
855 2124 1029 2172 horreis,

221 2191 317 2246 Spes
340 2191 487 2230 donare
509 2201 640 2228 novas
665 2188 821 2240 largus,
847 2198 1056 2240 amaraque

523 2252 724 2293 Curatum
748 2251 880 2292 eluere
903 2250 1053 2291 efficax.
1450 2260 1501 2290 20

221 2345 286 2387 Ad
313 2359 403 2399 quae
426 2345 454 2385 fi
484 2347 674 2399 propefas
694 2344 860 2399 gaudia,
885 2355 976 2383 cum
1001 2354 1072 2382 tua

221 2406 356 2447 Velox
381 2416 510 2447 merce
538 2405 650 2446 veni:
678 2406 762 2444 non
788 2415 866 2456 ego
888 2413 928 2442 te
957 2402 1052 2441 meis

220 2467 440 2509 Immunem
471 2468 636 2508 meditor
660 2466 810 2518 tingere
833 2463 1006 2518 poculis,

519 2527 638 2569 Plena
659 2526 771 2568 dives
790 2535 835 2566 ut
858 2525 898 2566 in
921 2526 1059 2565 domo.
