1592 2898
0 2637 17 2720 w
0 2406 16 2627 ,ι-,υ-νῃ-ιι-ς-Ᾱ-μυ
0 2323 14 2394 φηγ-ι’·-
0 2260 3 2282 -·’
0 2228 13 2250 :V
0 2211 3 2218 “
0 2190 1 2197 ⁴

370 185 381 201 ²
412 195 899 245 'CARMINUM
966 197 1119 249 LIB.
1168 203 1206 249 Ι.

180 301 316 356 Quem
347 314 408 352 tu,
442 319 583 347 cervus
606 307 662 347 uti
684 307 797 348 vallis
825 308 864 348 in
888 308 1010 349 altera

150 418 154 422 1
180 364 316 406 Visum
341 378 449 420 parte
470 368 606 423 lupum
634 371 817 423 graminis
845 372 1075 421 immemorg

178 424 342 468 Sublimi
363 427 486 482 fugies
504 431 631 471 mollis
656 432 826 473 anhelitu
841 449 856 483 ς

191 497 194 500 ·
221 488 327 529 Non
351 490 430 532 hoc
452 492 652 546 pollicitus
668 492 769 534 ωε.

178 590 365 635 Iracunda
391 595 491 636 diem
514 596 686 650 proferet
708 598 783 639 nio

178 653 451 709 Matronisque
476 657 680 714 Phrygum
705 660 827 702 claffis
851 662 1035 705 Achillei:

178 714 268 757 Post
289 729 414 759 certas
436 719 579 762 hiemes
603 733 689 762 uret
715 723 888 766 Achaius

232 777 336 832 Ignis
364 779 588 836 Pergameas
613 785 765 827 domos.

622 980 804 1026 ODE
862 983 1055 1030 XVM

542 1116 1077 1165 P'AL1NOD1A;

354 1248 496 1289 Veniam
514 1250 603 1303 petit
627 1267 652 1290 a
674 1251 816 1304 puella,
840 1268 943 1306 quam
965 1250 1099 1307 jambis
1121 1257 1260 1310 laefirat.

181 1354 257 1429 O
286 1385 446 1427 MATRE
478 1387 639 1441 pulchra
664 1387 745 1428 filia
768 1386 989 1443 pulchrior,

176 1443 312 1497 Quem
341 1446 555 1487 criminofis
581 1460 740 1502 cunque
765 1451 878 1491 voles
906 1454 1070 1495 modum

227 1505 352 1547 Pones
382 1508 543 1558 iambis;
570 1509 651 1550 five
672 1511 828 1552 flamma
843 1544 859 1561 ‚

280 1569 371 1611 Sive
395 1573 492 1611 mari
519 1572 613 1613 libet
639 1574 851 1616 Hadriano.

177 1673 271 1712 Non
292 1673 544 1727 Dindymene
558 1706 569 1724 ,
593 1690 672 1717 non
699 1678 831 1731 adytis
850 1681 975 1734 quatit

174 1735 348 1775 Mentem
372 1736 613 1778 sacerdotum
640 1740 767 1781 incola
792 1740 983 1794 Pythius,

220 1791 322 1838 'Non
347 1798 462 1839 Liber
483 1813 615 1853 aeque,
643 1815 725 1843 non
746 1816 861 1845 acuta

282 1859 321 1900 si
348 1862 545 1914 geminant
568 1863 823 1917 Corybantes
845 1881 948 1920 aera,

174 1965 318 2013 Tristes
343 1977 390 2006 ut
411 1968 497 2008 irae:
525 1975 621 2023 quas
644 1983 771 2025 neque
789 1973 958 2016 Noricus

173 2022 357 2068 Deterret
373 2029 488 2080 ensis,
520 2044 593 2072 nec
618 2046 724 2074 mare
750 2033 1007 2090 naufragum,

225 2089 309 2130 Nec
332 2089 456 2131 saevus
481 2092 600 2145 ignis,
625 2106 697 2134 nec
713 2098 915 2139 tremendo

216 2160 223 2164 ·
278 2152 455 2206 Juppiter
476 2154 553 2209 ipse
575 2169 692 2198 ruens
720 2160 907 2201 tumultu.

171 2262 311 2303 Fertur
335 2264 587 2306 Prometheus
613 2268 750 2310 addere
781 2271 942 2327 principi

170 2325 283 2365 Lisno
302 2326 461 2367 coaetus
484 2331 712 2381 particulam
737 2334 909 2388 undique

222 2384 426 2426 Deseaam
442 2418 458 2435 ‚
489 2390 532 2430 δι
555 2389 674 2431 insani
700 2393 824 2435 leonis

274 2446 368 2487 Vim
392 2447 593 2493 stomacho
616 2453 829 2508 adposuiffe
851 2457 999 2502 nostro.

1106 2523 1191 2565 132

1393 219 1455 271 ¹9

1402 740 1453 787 35

1392 2062 1442 2091 10

1389 2423 1435 2466 ¹5
