1592 2898
198 225 286 275 188
402 229 465 297 Q·
519 228 893 277 HORATII
938 229 1254 278 FLAcct

561 408 947 468 SATIRA
1013 404 1092 459 Ῑι.

273 548 342 590 ΙΝ
383 550 581 593 VITAE
625 553 936 596 URBANAE
981 553 1375 596 LUXURIAM

597 629 680 670 ET
719 629 1063 674 INEPTIAS.

278 765 357 794 ωε
381 756 507 796 virtus
522 787 533 804 ‚
558 755 600 796 &
615 754 788 810 quanta,
810 756 905 797 boni
919 786 932 804 ‚
955 756 1002 798 fit
1026 758 1164 804 viyere
1191 772 1337 813 parvo,

194 815 310 868 (Nec
331 830 443 856 meus
467 816 528 858 hic
554 817 681 858 sermo
706 817 784 866 est,
806 817 867 858 sed
890 831 980 871 quae
1003 821 1184 874 praecepit
1206 820 1365 861 Ofellus

195 876 400 927 Rusticus,
420 878 619 919 abnormis
644 878 815 933 sapiens,
842 879 1038 935 crassaque
1062 882 1276 937 Minerva)

194 938 342 980 Discite
357 969 369 985 ‚
393 953 474 980 non
502 941 601 982 inter
630 941 757 982 lances
778 941 1000 996 mensasque
1023 944 1212 993 nitentes,

193 999 296 1039 Cum
326 999 448 1053 stupet
473 1000 610 1042 insanis
634 1003 735 1042 acies
761 1001 1001 1055 fulgoribus,
1025 1003 1066 1044 δι
1095 1017 1188 1047 cum

193 1061 365 1102 Acclinis
384 1061 485 1102 falfis
510 1064 663 1104 animus
690 1063 850 1104 meliora
876 1063 1049 1114 recusat;

195 1125 346 1166 Verum
367 1126 429 1166 hic
447 1127 625 1181 impransi
645 1141 795 1170 mecum
815 1129 1016 1183 disquirite.
1033 1153 1079 1161 —
1095 1130 1181 1172 Cur
1196 1130 1276 1172 hoc
1289 1133 1304 1174 ?
1317 1153 1363 1164 -

194 1187 340 1229 Dicam
356 1219 369 1235 ,
389 1188 418 1228 fi
442 1201 595 1242 potero.
622 1192 726 1232 Male
749 1206 886 1232 verum
912 1194 1108 1234 examinat
1129 1195 1256 1236 omnis
1282 1194 1301 1225 ν’

196 1249 422 1304 Corruptus
443 1249 576 1302 judex·
604 1252 796 1307 Leporem
826 1253 1015 1304 scitatus,
1039 1268 1199 1310 equove

195 1311 329 1352 Laffus
350 1313 400 1351 ab
422 1313 638 1364 indomito,
664 1315 728 1356 vel
752 1315 780 1356 st
802 1316 983 1358 Romana
1005 1316 1138 1371 fatigat

195 1372 332 1413 Militia
357 1372 544 1414 affuetum
568 1375 768 1425 Graecari,
792 1377 859 1418 seu
885 1379 961 1433 pila
987 1379 1105 1419 velox
1121 1409 1135 1429 ‚

195 1436 371 1478 Molliter
392 1437 590 1479 austerum
615 1439 739 1481 studio
756 1440 912 1482 fallente
932 1441 1104 1483 laborem
1120 1473 1134 1492 ‚

195 1499 274 1540 Seu
294 1510 332 1539 te
349 1499 471 1541 discus
489 1501 591 1554 agit;
619 1513 708 1556 pete
727 1503 925 1544 cedentem
948 1517 1037 1544 aera
1056 1503 1184 1546 disco:
1253 1535 1260 1543 .

197 1564 304 1605 Cum
330 1565 440 1606 labor
457 1567 651 1607 extuderit
671 1566 814 1607 fastidia
828 1598 840 1616 ,
860 1567 1004 1615 (icens,
1030 1567 1154 1608 inanis

196 1627 344 1682 Sperne
366 1629 493 1669 cibum
514 1630 654 1677 vilem3
671 1630 739 1669 nist
755 1630 962 1683 Hymettia
982 1629 1099 1670 mella
1112 1628 1282 1670 Falerno

197 1690 260 1731 Ne
283 1691 427 1732 biberis
453 1692 596 1733 diluta:
626 1693 721 1733 foris
745 1692 799 1733 est
822 1705 1013 1746 promus,
1035 1692 1077 1732 81
1099 1703 1228 1734 atrum

197 1750 424 1793 Defendens
441 1752 561 1805 pisces
585 1753 727 1793 hiemat
754 1766 884 1802 mare;
910 1749 1011 1794 cum‘
1023 1752 1096 1794 sale
1123 1754 1231 1806 panis

199 1813 423 1854 Lan-antem
450 1813 694 1855 stomachum
719 1815 817 1856 bene
841 1814 968 1855 leniet.
985 1814 1099 1856 Unde
1120 1826 1251 1868 putas,
1271 1825 1342 1857 aut

201 1875 293 1929 Qui
315 1876 492 1929 partum?
517 1878 610 1918 Non
633 1878 670 1918 in
692 1891 790 1919 caro
815 1879 949 1919 nidore
973 1877 1158 1932 voluptas

201 1937 384 1985 Summa,
400 1937 461 1977 sed
480 1939 517 1978 in
539 1950 576 1980 te
598 1939 680 1992 ipso
698 1932 763 1980 est.
783 1938 848 1981 Tu
868 1940 1120 1993 pulmentaria
1133 1953 1271 1993 *quaere

201 2001 408 2043 Sudand0:
433 2002 615 2057 pinguem
639 2004 769 2051 vitiis,
795 2005 1025 2058 albumque,
1049 2016 1180 2057 neque
1200 2003 1349 2054 ostrea,

201 2064 287 2105 Nec
312 2064 462 2114 scarus,
490 2078 559 2107 aut
583 2068 724 2124 poterit
745 2068 944 2121 peregrina
959 2066 1095 2120 juvare
1122 2067 1257 2121 lagois.

202 2127 288 2167 Vix
303 2137 432 2168 tamen
451 2130 612 2182 eripiam
627 2158 639 2177 ,
662 2129 790 2182 pofito
806 2142 984 2183 pavone,
1009 2128 1106 2169 velis
1123 2129 1221 2181 quin

203 2189 296 2230 Hoc
317 2191 474 2242 potius,
498 2205 613 2244 quam
635 2192 774 2244 gallina
789 2221 799 2238 ,
823 2203 973 2245 tergere
997 2190 1164 2243 palatum
1178 2221 1190 2240 ,

203 2250 427 2304 Corruptus
453 2254 563 2293 vanis
585 2266 739 2302 rerum3
771 2254 864 2307 quia
894 2264 1034 2293 veneat
1059 2265 1158 2293 auro

203 2314 305 2355 Rara
330 2316 440 2362 avis,
462 2316 503 2356 δι
530 2316 629 2368 pieta
648 2317 788 2368 pandat
803 2315 1018 2369 speEtacula
1039 2315 1190 2355 cauda:

204 2375 412 2428 Tanquam
430 2376 477 2415 ad
494 2389 575 2416 rem
595 2378 753 2417 attineat
773 2378 1000 2430 quidquam.
1015 2377 1120 2417 Num
1137 2376 1302 2418 vesceris
1315 2377 1381 2417 ista
1394 2409 1407 2426 ,

207 2435 345 2489 Quam
367 2436 523 2486 laudas,
547 2439 702 2492 pluma?
732 2438 848 2479 coeto
874 2452 967 2477 num
994 2437 1095 2478 adest
1111 2439 1240 2478 honor
1257 2438 1387 2479 idem?

206 2500 337 2542 Carne
364 2514 493 2542 tamen
517 2502 701 2556 quamvis
727 2501 838 2542 dissat
860 2502 951 2542 nihil
976 2502 1048 2542 hac
1069 2502 1192 2556 magis
1209 2501 1293 2552 illa,

1446 1015 1467 1059 ς
1537 1020 1540 1021 ⁷

1442 1188 1498 1238 'a

1422 1330 1470 1362 10

1421 1641 1468 1685 ¹5

1349 1959 1355 1971 t
1422 1951 1497 1982 201
