1592 2898
225 230 329 267 κω
451 217 556 264 No
576 217 650 265 T1
669 214 799 264 TJA
847 203 1266 267 LJTERA-RJA

223 322 361 372 ptuS,
393 308 455 355 de
485 308 659 369 quibus
692 306 1008 354 consulendus
1038 306 1151 354 Aldi
1178 308 1382 357 Manutii
1407 318 1499 355 tra-

224 374 372 424 &atus
395 374 454 420 de
477 373 596 420 XIX
619 372 866 437 generibus
896 384 1160 420 metrorum
1188 373 1385 420 Horatii.

292 440 500 501 Epodon
523 439 644 485 libro
663 438 903 501 subjicitur
924 438 1105 485 Carmen
1115 437 1341 499 seculare,
1362 437 1500 499 quod

225 503 426 553 Horatio
452 503 850 564 componendum
879 502 1088 567 injunxit
1109 503 1344 568 Augustus
1369 518 1499 550 anno

227 571 286 618 U.
311 571 362 617 C.
390 570 498 630 736,
526 569 667 615 aetatis
686 568 870 614 Horatii
897 584 972 626 40.
997 568 1219 618 Meminit
1244 565 1501 623 austorfvi->
1529 563 1532 566 ⁴

227 647 317 694 tae,
352 635 392 682 δεῖ
419 634 641 683 Sidonius
668 633 826 679 innuit
857 649 942 694 per
971 632 1117 688 Plzaebi
1145 634 1292 679 laudes
1319 635 1361 679 d,-
1379 648 1500 695 vaga

227 702 384 748 Dianae
417 700 687 763 conscriptas.
711 697 860 753 Sunt,
891 697 1068 759 quibus
1087 714 1276 744 carmen
1298 697 1501 744 seculare

226 766 417 813 videtur
445 766 585 826 etiam
619 764 701 808 lib.
729 763 752 807 I
787 763 896 809 Oda
929 777 1006 820 21,
1037 761 1078 808 8c
1105 759 1281 811 lib.‘1V
1311 761 1422 819 Qda
1455 763 1500 809 6.

226 831 353 878 Vide
370 831 494 877 Petri
515 828 687 874 Taffini
711 829 791 874 lib.
815 843 832 873 1
873 828 933 874 de
955 827 1079 874 ludis
1100 828 1380 877 secularibus
1399 843 1502 889 cap.

238 899 292 944 16
317 896 358 942 Sc
385 912 464 952 17,
491 895 541 940 in
563 894 724 940 Tomo
755 894 779 939 8
806 893 1007 939 thesauri
1028 892 1140 939 Ant.
1165 893 1505 947 Romanarum·

309 963 560 1007 Sermonum
597 960 696 1004 libri
729 958 796 1005 IV
824 958 884 1004 ad
919 956 1130 1004 eundem
1163 959 1502 1016 Maecenatem,
1553 995 1557 998 γ

231 1028 366 1090 epico
399 1025 606 1071 carmine
640 1023 915 1084 conscripti;
945 1039 1157 1084 quorum
1190 1023 1290 1070 duo
1325 1022 1503 1084 priores

230 1088 618 1152 complefiuntur
634 1089 806 1134 Satiras
830 1098 845 1120 1
873 1088 932 1134 ab
952 1098 1261 1152 argumento,
1286 1088 1506 1150 posterio-

232 1175 303 1204 res
327 1157 426 1202 duo
447 1156 509 1201 ad
537 1153 814 1199 docendum
833 1151 875 1199 8c
897 1152 1227 1200 instruendum
1251 1150 1385 1209 facti,
1401 1147 1505 1218 Epi-

216 1224 436 1288 stolarum
461 1220 607 1283 vulgo
634 1218 837 1264 veniunt
865 1218 1090 1275 nomine,
1120 1233 1330 1278 quorum
1361 1217 1412 1264 in
1439 1218 1505 1264 al-

230 1301 333 1335 tero
363 1286 587 1333 Ethicum
621 1282 990 1345 philosophum,
1022 1282 1072 1328 in
1095 1284 1242 1328 altero
1273 1283 1502 1335 Criticum

164 1388 178 1405 .
230 1353 493 1416 profitetur.
534 1348 663 1395 Alter
700 1348 878 1394 constat
906 1346 1119 1408 Epistolis
1153 1348 1355 1411 viginti,
1387 1348 1504 1394 altet

232 1435 348 1466 vero
371 1417 542 1471 tribus,
566 1429 661 1459 una
682 1412 745 1459 ad
764 1412 1032 1476 Augustum
1054 1421 1077 1444 ²
1098 1411 1159 1459 de
1183 1413 1366 1469 Poetis,
1383 1428 1504 1474 prae-

234 1485 374 1545 cipue
393 1479 641 1528 Romanis;
673 1477 878 1528 secunda
900 1477 959 1523 ad
969 1477 1158 1535 Julium
1173 1477 1370 1524 Florum
1385 1495 1397 1528 ;
1415 1490 1506 1523 ter*

231 1550 298 1595 tia
321 1547 380 1593 ad
398 1546 584 1592 Pisones
613 1555 801 1605 patrem¹
822 1541 864 1589 8c
893 1542 1012 1593 filios
1029 1577 1042 1599 ,
1064 1560 1090 1589 a
1112 1543 1314 1598 Charifio
1336 1542 1505 1590 diserte

233 1613 450 1676 Epistolae
476 1610 673 1656 nomine
698 1619 991 1665 memorata,
1014 1624 1123 1670 quae
1150 1609 1322 1673 vulgo,
1350 1619 1405 1655 ut
1433 1607 1505 1654 Si-

235 1679 368 1726 donii
395 1676 544 1723 'etiam
573 1684 706 1720 aetate
738 1670 912 1719 facium
933 1707 947 1729 ‚
987 1669 1194 1736 sejuncta
1223 1690 1249 1718 a
1281 1672 1471 1733 reliquis
1488 1707 1504 1730 ,

234 1744 366 1792 Fabii
390 1738 666 1788 auctoritate
698 1738 762 1783 III
777 1774 791 1796 ,
811 1739 836 1786 8
863 1738 967 1784 Inst.
988 1739 1068 1784 Or.
1089 1737 1354 1784 inscribitur
1375 1739 1504 1785 Liber
1560 1788 1565 1794 ,

236 1811 285 1856 de
304 1821 397 1855 arte
406 1809 576 1873 poetica
589 1841 601 1853 .
622 1805 672 1850 in
697 1820 848 1865 quem
863 1803 1129 1865 Porphyrio
1149 1803 1362 1849 observat
1375 1837 1389 1860 ,
1412 1803 1506 1849 Ho-

233 1876 408 1922 ratium
440 1869 701 1933 congeffiffe
729 1879 964 1930 praecepta
990 1868 1296 1930 Neoptolemi
1324 1869 1508 1915 Pariani

237 1941 298 1987 de
320 1949 415 1984 arte
432 1937 640 1998 poetica,
661 1951 761 1985 non
781 1935 978 1994 quidem
998 1934 1187 1990 omnia,
1203 1932 1286 1992 sed
1299 1929 1506 1983 eminen-

236 2005 415 2052 tiffima.
455 2001 570 2047 Haec
611 2000 815 2061 Epistola
844 1999 879 2046 fi
907 2015 1020 2047 cum
1055 1998 1238 2046 duabus
1267 1998 1509 2060 prioribus

297 2106 314 2132 1
346 2088 566 2133 Nonnullas
590 2088 730 2133 Satiras
757 2097 849 2130 ante
899 2087 1052 2133 Iratum,
1074 2098 1137 2127 me
1164 2084 1233 2126 tibi
1256 2084 1374 2134 scito,
1397 2081 1508 2136 quod

239 2146 418 2189 Carmina
435 2144 610 2195 quaedam
627 2143 666 2182 in
682 2142 847 2193 Epodon
901 2155 982 2182 non
1010 2142 1051 2181 in
1088 2139 1274 2192 plerisque
1312 2138 1507 2189 ejusmodi

239 2203 339 2242 libro
364 2198 518 2249 scriptas
535 2196 582 2237 ab
609 2197 774 2242 Horatio
791 2195 846 2238 es·.
898 2194 1048 2247 scriptis
1074 2206 1228 2235 mecum
1267 2193 1506 2246 potiffimum

236 2256 276 2296 se
289 2254 456 2305 disputat
470 2253 571 2293 Sam.
590 2251 728 2291 Petitus
749 2249 815 2291 hb.
828 2249 844 2291 1
900 2250 1076 2301 loquaris.
1095 2251 1152 2290 An
1166 2249 1322 2298 vereris,
1336 2261 1383 2287 ne
1398 2247 1506 2299 apud

240 2309 454 2352 Observatt.
473 2318 554 2356 cap.
570 2305 641 2346 IX.
816 2323 822 2329 ·
901 2303 1228 2356 posteros‘infame
1242 2301 1311 2342 tibi
1326 2301 1383 2350 fit,
1398 2301 1506 2353 quod

297 2379 320 2403 2
337 2363 496 2403 Sueton.
518 2361 558 2399 in
573 2358 726 2400 Horatii
740 2358 820 2400 vita
833 2372 844 2400 :
901 2359 1064 2399 videaris
1076 2356 1271 2397 familiaris
1283 2356 1395 2396 nobis
1407 2354 1503 2396 esse!

239 2420 313 2473 post
326 2420 501 2457 Sermones
523 2430 600 2454 vero
625 2413 723 2454 Icelos
746 2412 847 2468 quos·
903 2414 1137 2466 Expreffitque
1145 2412 1294 2465 eclogam
1305 2442 1316 2460 ,
1330 2411 1430 2464 cujus
1442 2411 1508 2449 ini-

244 2476 324 2514 dam
334 2503 347 2521 ‚
359 2470 490 2510 nullam
506 2468 568 2520 fici
582 2469 777 2508 mentionem
786 2467 849 2520 fiz-
902 2468 985 2508 tium
997 2469 1064 2522 est:
1087 2466 1188 2507 Cum
1202 2473 1263 2506 tot
1275 2464 1451 2506 sustineas
1468 2465 1506 2504 &

245 2532 332 2568 Ham
358 2526 409 2566 ita
431 2526 474 2578 est
494 2524 626 2577 questus
649 2522 852 2576 Augustus:
905 2522 1012 2564 ta'nta
1031 2522 1191 2575 negotia
1205 2519 1320 2562 solus.
