1592 2898
272 199 1067 287 EfflsToLAiRUMzmss.
1102 225 1156 293 ᾳ.
1256 234 1344 282 231

91 335 295 390 Quidquid
313 333 382 375 sub
405 344 506 374 terra
529 331 583 373 est
597 362 608 380 ‚
627 332 666 373 in
687 331 862 384 apricum
875 328 1050 383 proferet
1071 340 1192 377 mas,
1342 337 1346 343 ·

91 397 275 439 Defodiet
287 396 514 452 ,condetque
535 394 704 437 nitentia.
722 393 825 434 Cum
843 393 943 434 bene
958 403 1096 432 nomm
1301 401 1349 444 ας

15 474 20 477 ’
92 461 267 502 Porticus
285 459 492 513 Agrippae,
519 458 561 499 δι
584 458 648 499 via
665 468 703 498 te
721 455 960 510 conspexerit
983 456 1112 510 Appi,
1127 470 1139 475 ⁴·

92 520 155 561 Ite
174 531 302 561 tamen
321 518 459 569 restat,
482 519 611 559 Numa
630 529 711 571 quo
737 515 958 558 devenit-r&
982 517 1130 556 Ancus-

93 581 250 623 Silarus
270 591 339 621 aut
357 592 467 620 renes
489 579 629 619 morbo
652 587 851 620 tentantur
869 588 986 619 acuto
998 605 1013 624 ,

93 642 249 697 Quaere
270 641 401 695 fugam
424 640 562 691 morbi.
584 640 656 680 Vis
680 638 781 680 reae
804 637 969 681 vivere?
991 639 1078 691 quis
1101 638 1211 679 non?
1262 642 1270 650 '

94 701 136 744 Si
152 704 274 744 virtus
291 703 368 743 hoc
388 715 466 753 uua
485 701 608 755 potest
627 701 716 745 dare
728 730 742 748 ,
761 699 872 741 fortis
890 699 1035 740 omiffis
1301 702 1358 751 ‘30

96 765 190 806 Hoc
206 779 278 820 age
293 765 444 822 deliciis.
460 765 655 805 Virtutem
667 763 794 806 *verba
812 775 945 817 putet,
967 776 1012 805 ut

96 826 248 868 Lucum
265 826 393 881 ligna?
418 839 542 874 cave,
565 839 614 866 ne
635 837 772 879 portus
792 836 960 879 occupet
980 825 1099 865 alter:
1147 844 1149 846 ·

98 887 163 929 Ne
185 888 430 943 Cibyratica,
451 901 500 928 ne
521 888 691 940 Bithyna
714 888 871 941 negotia
896 886 1040 940 perdas.

101 951 212 992 Mille
227 951 368 991 talenta
386 951 660 999 rotundentur3
684 950 841 990 totidem
867 949 984 989 altera
1006 961 1148 1002 porro,
1174 948 1217 988 δι

101 1014 235 1055 Tertia
256 1013 483 1063 succedant,
506 1013 549 1053 δι
569 1027 664 1066 quae
679 1026 765 1070 pars
783 1012 949 1066 quadret
965 1025 1163 1053 acervum.
1315 1023 1361 1065 35

100 1075 253 1116 Scilicet
270 1077 549 1116 uxorem'cum
566 1074 680 1121 dote,
713 1072 927 1126 fidemque,
954 1074 994 1115 &
1017 1074 1187 1123 amicos,

102 1137 153 1178 Et
176 1150 299 1191 genus
318 1137 358 1177 δι
376 1137 539 1193 formam
559 1136 688 1189 regina
706 1136 869 1189 pecunia
886 1136 1032 1185 donat3

103 1199 168 1241 Ac
187 1200 286 1240 bene
307 1188 550 1239 nismmanim
577 1200 735 1240 decorat
748 1196 937 1245 Suadela,
958 1198 1185 1253 Venusque.

104 1261 310 1314 Mancipiis
330 1261 504 1315 locuples
525 1273 613 1314 eget
633 1261 719 1301 aeris
735 1259 1011 1314 Cappadocum
1030 1274 1125 1301 rex:

107 1323 170 1363 Ne
188 1322 307 1364 fueris
322 1323 387 1363 hic
407 1334 465 1363 tu.
479 1322 721 1375 chlamydes
745 1322 927 1363 Lucullus
940 1353 952 1371 ,
975 1332 1021 1363 ut
1041 1322 1150 1374 ajunt
1162 1353 1176 1371 ,
1317 1333 1371 1372 40

107 1382 146 1422 Si
169 1382 289 1436 poffet
308 1394 461 1424 centum
484 1382 606 1423 scenae
631 1383 805 1437 praebere
827 1394 1009 1436 rogatus,

106 1444 195 1496 Qui
214 1445 366 1499 pofl'um
380 1445 466 1486 tot?
485 1446 566 1485 ait:
584 1457 710 1486 tamen
726 1445 768 1485 δι
780 1458 978 1499 quaeram,
990 1446 1030 1485 δι
1045 1444 1153 1498 quod
1168 1444 1323 1485 habebo

108 1505 287 1546 Mittam:
311 1505 397 1559 post
415 1507 532 1559 paulo
554 1506 704 1553 scribit,
723 1505 792 1546 fibi
813 1506 933 1547 millia
948 1508 1126 1561 quinque
1173 1539 1177 1542 .

109 1567 195 1609 Effe
210 1567 316 1608 domi
328 1567 604 1620 chlamydum;
624 1581 768 1623 partem
781 1601 794 1619 ,
813 1571 879 1611 vel
900 1571 1053 1614 tolleret
1075 1584 1226 1612 omnes.

108 1629 230 1670 Exilis
242 1630 381 1671 domus
396 1630 450 1672 est
460 1661 475 1678 ,
490 1632 557 1672 ubi
573 1646 654 1673 non
671 1633 712 1673 δι
726 1633 1086 1687 multasupersimt,
1304 1646 1371 1687 ⁶45

111 1691 161 1735 Et
180 1692 378 1732 dominum
394 1692 555 1740 fallunt,
581 1695 622 1735 &
645 1695 806 1747 prosunt
830 1694 988 1736 furibus.
1012 1696 1118 1749 Ergo
1159 1694 1163 1697 ’

111 1753 152 1795 Si
165 1767 226 1795 res
238 1754 317 1794 sola
334 1752 456 1807 potest
478 1755 602 1796 facere
625 1757 666 1797 δι
686 1757 840 1798 servare
861 1759 1017 1799 beatum
1031 1788 1044 1806 ‚

113 1816 206 1857 Hoc
221 1816 369 1869 primus
385 1827 534 1872 repetas
547 1830 648 1870 opus
658 1849 671 1865 ,
691 1819 766 1860 hoc
787 1819 1000 1871 postremus
1017 1820 1184 1861 omittas.

114 1878 155 1918 si
174 1877 415 1919 fortunatum
439 1877 601 1929 species,
621 1880 663 1920 δι
684 1881 805 1932 gratia
827 1880 978 1933 praestzt
992 1912 1006 1929 ,

115 1940 338 1980 Mercemur
355 1937 530 1987 servum,
548 1941 615 1992 qui
640 1941 754 1981 diuet
775 1942 955 1988 nomina,
975 1943 1122 1982 laevum
1330 1951 1379 1992 50

117 2003 205 2056 Qui
223 2002 366 2044 fodicet
385 2003 504 2049 latus,
529 2003 571 2044 δι
586 2015 701 2057 cogat
718 2015 822 2045 trans
841 2006 1009 2056 pondera
1026 2006 1198 2045 dextram

115 2063 326 2117 Porrigere.
351 2065 438 2116 Hic
452 2065 615 2105 multum
643 2066 683 2105 in
703 2065 820 2106 Fabia
842 2067 973 2114 valet,
995 2067 1057 2106 ille
1078 2067 1241 2107 Velina:

117 2126 197 2167 cui
213 2127 305 2166 libet
322 2127 353 2166 is
369 2124 487 2168 fasces
505 2126 629 2174 dabit,
646 2127 863 2180 eripietque
882 2128 1018 2169 mrule

118 2186 198 2228 Cui
214 2187 593 2241 volet2importunus
613 2188 734 2228 ebur:
761 2189 919 2236 Frater,
939 2188 1071 2237 Pater,
1090 2189 1210 2238 adde3
1244 2225 1260 2230 ⁷⁴

51 2285 56 2289 .
120 2249 179 2290 Ut
199 2248 412 2301 cuiqueest
428 2261 540 2296 ωε,
559 2249 608 2289 ita
624 2261 818 2302 quemque
838 2248 986 2291 facetus
1008 2251 1164 2304 adopta.
1331 2261 1380 2304 55

121 2310 187 2357 Si,
202 2309 299 2348 bene
317 2309 385 2361 qui
401 2321 552 2357 coenat,
574 2310 674 2350 bene
696 2310 819 2357 vivit3
836 2310 940 2351 lucet
953 2341 969 2358 ‚
991 2324 1126 2351 eamus

124 2367 227 2423 Quo
249 2369 355 2419 ducis
373 2371 488 2423 gula:
513 2370 727 2423 piscemur,
751 2383 964 2420 venemur,
990 2384 1033 2412 ut
1058 2373 1151 2413 olim
1229 2402 1239 2415 .

124 2429 344 2483 Gargilius,
366 2431 434 2483 qui
459 2445 569 2472 mane
591 2432 741 2485 plagas,
760 2433 986 2486 yenabula,
1010 2432 1171 2480 servos,

125 2488 515 2542 Differtumttransire
538 2491 665 2534 forum
692 2492 960 2547 populumque
981 2494 1168 2546 jubebat,

1060 2561 1143 2609 1³4
