1592 2898
244 266 864 329 EPISTOLARUM
917 267 1067 317 mn.
1121 268 1163 317 1.
1257 283 1344 334 ψ

72 388 272 432 incutiant
289 383 500 428 atiena-tibi
522 392 683 438 pecoeta
705 380 910 435 pudorem.

74 448 288 499 Fallimur,
303 448 345 490 δι
365 446 566 503 quondam
590 456 671 486 non
694 443 855 497 dignum
883 440 1091 482 tradimus:
1117 452 1215 495 ergo

76 512 215 567 Quem
230 510 296 552 sua
307 510 424 562 culpa
444 517 592 562 premet
605 535 618 554 ,
645 505 830 559 deceptus
840 503 990 544 omitte
1017 503 1116 543 tueri
1126 518 1141 553 ;

77 573 137 614 Ut
153 571 306 626 penitus
326 581 491 618 notum,
512 566 543 608 fi
560 576 711 608 tentent
729 566 892 607 crimina
908 595 923 614 ‚
951 563 1111 613 serves,
1203 617 1206 620 Ι
1247 586 1251 591 ·
1304 561 1358 603 80

79 631 316 687 Tuterisque
330 642 403 691 tuo
419 631 602 672 fidentem
622 627 826 684 praesidio:
849 627 918 681 qui

77 697 213 739 Denoe
226 694 440 737 Theonino
455 705 545 734 cum
561 690 861 732 circumroditur
873 720 887 739 ,
911 688 1051 742 ecquid

79 761 144 803 Ad
162 771 202 815 te
220 757 308 815 post
322 757 443 813 paulo
462 766 633 798 ventura
654 753 822 807 pericula
839 751 980 794 sentis?

81 822 186 864 Nam
205 831 273 862 tua
295 833 357 861 res
379 820 529 874 agitur,
552 818 677 873 paries
697 829 787 857 cum
809 815 1015 870 proximus
1040 813 1173 863 ardet;

81 884 134 926 Et
151 883 326 937 negleRa
341 881 465 924 solent
483 881 659 923 incendia
685 878 834 920 sumere
854 878 971 918 vires.
1306 872 1356 928 85

82 945 224 988 Dulcis
246 944 453 997 inexpertis
470 943 623 984 cultura
643 942 815 997 potentis
833 941 966 983 amici:

82 1007 281 1060 Expertus
298 1005 447 1045 metuit.
467 1003 535 1044 Tu
548 1035 561 1053 ,
580 1005 671 1044 dum
695 1014 764 1044 tua
785 1004 897 1043 navis
920 1003 960 1042 in
983 1002 1064 1043 alto
1085 1001 1161 1053 est,

85 1069 181 1110 Hoc
199 1080 293 1121 age,
315 1080 366 1107 ne
382 1077 531 1107 mutata
547 1065 758 1107 retrorsum
777 1075 816 1105 te
837 1064 936 1105 ferat
956 1077 1062 1105 aura.

85 1131 271 1174 Oderunt
289 1129 451 1170 hilarem
476 1129 622 1177 tristes,
649 1127 872 1181 tristemque
896 1126 1047 1179 jocofi,

84 1192 268 1235 Sedatum
290 1192 456 1240 celeres,
477 1192 617 1244 agilem
640 1202 892 1244 gnavumque
912 1188 1079 1239 remiffi;
1307 1199 1363 1242 90

86 1253 252 1296 Potores
273 1253 394 1294 bibuli
416 1253 543 1293 media
563 1252 611 1293 de
633 1251 749 1292 noae
770 1251 920 1292 Falerni

87 1316 270 1358 Oderunt
291 1314 471 1369 porrekla
491 1325 695 1368 negantem
720 1313 888 1367 pocula;
915 1313 1098 1366 quamvis

89 1379 319 1421 Noaumos
338 1378 444 1431 jures
464 1388 504 1418 te
526 1377 735 1418 formidare
759 1389 938 1430 vapores.

89 1442 220 1484 Deme
238 1441 444 1496 supercilio
468 1441 636 1482 nubem:
661 1440 892 1494 plerumque
917 1439 1120 1481 modestus-

89 1502 279 1557 Occupat
296 1502 450 1544 obscuri
470 1501 631 1556 speciem
644 1533 657 1551 ‚
680 1503 894 1542 taciturnus
913 1502 1053 1542 acerbi.
1314 1511 1365 1554 95

89 1565 198 1606 Inter
215 1563 356 1605 cun&
374 1563 480 1617 leges
501 1566 543 1604 δι
566 1563 847 1618 percontabere
862 1562 1000 1603 doaos
1011 1591 1024 1611 ‚

92 1623 190 1682 Qua
210 1627 361 1667 ratione
381 1640 501 1681 queas
523 1626 724 1668 traducere
749 1626 886 1666 leniter
906 1639 1067 1675 aevum3

90 1690 156 1731 Ne
174 1700 214 1729 te
234 1688 409 1741 semper·
426 1689 539 1742 inops
561 1689 679 1742 agitet
695 1698 894 1741 vexetque
913 1686 1079 1741 cupido,

94 1751 159 1792 Ne
182 1763 327 1804 pavor,
349 1750 390 1790 ἃ
412 1763 541 1790 rerum
568 1750 810 1790 mediocriter
833 1750 987 1789 utilium
1012 1748 1116 1801 spes:

95 1812 292 1852 Virtutem
318 1810 490 1852 doarina
508 1822 617 1864 paret
629 1841 642 1859 ‚
667 1821 857 1851 naturane
873 1809 1018 1850 donet?
1295 1819 1371 1848 100

94 1874 212 1930 Quid
228 1875 375 1914 minuat
397 1886 508 1914 curas
521 1903 534 1920 ,
552 1873 647 1926 quid
669 1885 709 1912 te
727 1873 798 1912 tibi
820 1872 951 1911 reddat
969 1872 1136 1912 amicum
1153 1870 1170 1909 ἓ

97 1935 211 1990 Quid
235 1947 333 1987 pure
353 1933 597 1988 tranquillet,
624 1933 776 1981 honos,
798 1945 846 1971 an
870 1931 982 1972 dulce
1006 1931 1214 1980 lucellum,

95 1999 163 2038 An
184 1996 369 2037 secretum
395 1997 493 2042 iter,
518 1996 560 2036 δι
589 1994 753 2035 fallentis
778 1993 910 2034 semita
931 1993 1058 2033 vitae?

99 2058 178 2114 Me-
192 2059 348 2112 quoties
373 2057 498 2098 reficit
521 2056 667 2111 gelidus
687 2055 873 2110 Digentia
891 2057 1024 2102 rivus,

99 2120 239 2174 Quem
263 2121 443 2161 Mandela
468 2121 587 2169 bibit,
605 2119 771 2173 rugosus
793 2118 938 2172 frigore
965 2130 1113 2172 pagu53
1173 2153 1186 2166 ,
1279 2113 1370 2172 ἰος

102 2182 214 2235 Quid
238 2181 374 2222 sentire
391 2183 528 2235 putas?
550 2181 644 2234 quid
668 2181 813 2230 credis,
831 2178 976 2227 amice,
999 2179 1173 2232 precari?

100 2243 159 2283 Sit
175 2243 291 2292 mihi,
306 2244 412 2296 quod
435 2255 539 2283 nunc
563 2242 644 2292 est3
670 2243 786 2282 etiam
814 2243 963 2282 minus:
988 2241 1030 2281 δι
1053 2241 1149 2280 mihi
1167 2240 1303 2282 vivam

103 2305 231 2359 Quod
249 2304 415 2358 superest
429 2306 506 2345 aevi
519 2335 532 2352 ,
554 2305 584 2344 fi
605 2305 701 2358 quid
722 2303 911 2358 supereffe
934 2304 1075 2344 volunt
1100 2302 1177 2343 Di:

103 2366 159 2408 Sit
183 2367 287 2406 bona
315 2367 502 2407 librorum
527 2366 568 2406 δι
596 2366 765 2420 provisae
784 2365 909 2420 frugis.
926 2366 968 2405 in
989 2378 1137 2405 annum

103 2429 261 2481 Copia3
286 2441 362 2468 neu
383 2428 529 2469 fluitem
554 2428 680 2469 dubiae
704 2427 768 2480 spe
790 2427 978 2480 pendulus
1003 2427 1124 2466 horre.
1301 2438 1377 2466 110

104 2490 181 2530 Sed
201 2489 284 2529 satis
302 2489 356 2530 est
378 2502 490 2530 orare
509 2491 651 2530 Iovem
676 2503 766 2544 quae
788 2491 910 2530 donat
932 2489 975 2529 δι
995 2488 1143 2529 aufert:

37 2573 41 2578 2
105 2552 188 2596 Det
208 2553 332 2595 vitam
345 2582 357 2603 ‚
382 2551 445 2594 det
461 2565 558 2607 opes
566 2567 581 2602 ;
602 2566 762 2607 aequutn
783 2553 840 2593 mi
855 2553 1029 2593 animum
1054 2551 1133 2605 ipse
1160 2549 1321 2604 parabo.
