1592 2898
444 200 914 253 CARMINUM
973 199 1118 248 LIB.
1166 200 1206 248 Ῐ.
1420 214 1454 264 7

0 310 18 369 ἶ,
60 366 65 367 ⁷
113 371 121 373 ξ
190 314 296 371 Quo
316 325 400 356 non
422 313 566 354 arbiter
587 312 747 354 Hadriae
1401 321 1451 365 ις

246 375 398 431 Major,
419 375 557 417 tollere
581 373 647 416 seu
665 385 812 428 ponere
832 371 921 415 vult
938 371 1047 415 freta.

182 438 324 493 Quem
346 439 484 480 mortis
500 437 627 478 timuit
646 437 830 492 gradum,

243 499 334 554 Qui
354 499 464 542 ficcis
484 498 610 541 oculis
631 496 799 540 monstra
823 496 1016 544 natantia,

188 561 276 616 Qui
298 562 393 603 vidit
414 573 522 603 mare
550 560 773 616 turgidum,
798 558 842 600 δι

242 623 408 666 Infames
427 623 634 680 scopulos,
653 623 732 664 alta
755 619 979 664 Ceraunia?
1402 631 1454 660 20

186 684 457 739 Nequidquam
476 685 590 727 Deus
608 675 765 727 abscidit
814 703 822 710 ·

157 773 159 775 -
239 746 409 788 Prudens
437 746 601 789 Oceano
628 744 853 788 diffociabili

185 806 353 856 Terras,
375 807 406 849 fi
432 819 563 850 tamen
586 808 715 862 impiae

238 869 332 911 Non
351 871 539 924 tangenda
559 882 662 911 rates
679 867 893 911 transiliunt
915 865 1029 908 vada.

181 931 323 974 Audax
342 934 474 975 omnia
502 933 650 1003 perpeti
1396 938 1446 980 ας

238 992 347 1034 Gens
366 994 535 1035 humana
553 994 633 1035 ruit
654 1006 724 1049 per
752 992 919 1035 vetitum
943 987 1061 1032 nefas.

183 1054 328 1096 Audax
352 1055 477 1108 Iapeti
495 1069 617 1110 genus

239 1113 373 1166 Ignem
392 1114 525 1155 fraude
548 1113 649 1154 mala
673 1112 848 1170 gentibus
866 1112 1009 1154 intulit.

187 1173 281 1216 Post
298 1176 425 1229 ignem
452 1176 611 1217 aetheria
633 1176 756 1216 domo

241 1236 503 1285 Subduaum,
526 1236 673 1279 Macies
699 1236 743 1278 δι
764 1248 875 1277 nova
899 1234 1079 1277 Febr-ium
1170 1253 1176 1264 ·
1403 1248 1453 1290 30

187 1295 320 1338 Terris
342 1291 520 1340 incubuit
540 1299 705 1341 cohors:

240 1358 464 1415 Semotique
487 1361 595 1416 prius
610 1361 719 1402 tarda
739 1358 937 1401 neceffitas

185 1418 270 1460 Leti
294 1422 481 1476 corripuit
507 1422 679 1477 gradum.

238 1481 428 1536 Expertus
451 1497 621 1525 vacuum
642 1483 829 1525 Daedalus
849 1495 940 1524 aera

186 1545 326 1588 Pennis
348 1561 429 1589 non
459 1548 608 1589 homini
630 1548 741 1589 datis.
1400 1560 1447 1603 35

237 1606 409 1663 Perrupit
437 1608 663 1651 Acheronta
682 1607 903 1649 Herculeus
923 1606 1050 1648 labor.

184 1669 251 1711 Nil
272 1672 498 1713 mortalibus
523 1673 684 1713 arduum
709 1671 788 1712 est:

237 1732 395 1774 Coelum
421 1734 542 1789 ipsum
566 1735 733 1789 petimus
757 1734 941 1784 stultitia3
960 1746 1089 1789 neque

183 1793 259 1835 Per
277 1794 450 1836 nostrum
477 1796 644 1849 patimur
661 1795 782 1837 scelus

238 1853 427 1896 Iracunda
447 1856 589 1899 Jovem
611 1868 757 1911 ponere
784 1855 958 1897 fulmina.
1394 1867 1448 1906 40

637 1997 834 2042 ODE
895 1996 994 2043 IV.

315 2109 407 2151 AD
446 2111 491 2152 L.
531 2111 828 2154 SEXTIUM
864 2113 1310 2158 CONSULAREM.

186 2217 355 2257 Adventu
381 2217 470 2259 ven's
479 2247 494 2265 ,
519 2218 555 2257 6·
572 2219 740 2259 communi
764 2220 924 2259 moriendi
945 2221 1135 2263 conditione
1148 2225 1321 2278 propofita
1332 2253 1348 2272 ,
1365 2225 1442 2267 Ιιον·

615 2300 710 2328 tatta-
731 2291 783 2328 ad
799 2290 1006 2344 voluptates

185 2390 438 2466 Sotvrrun
458 2422 554 2463 acris
576 2423 700 2466 hiems
719 2438 826 2479 grata
842 2427 930 2469 vice
949 2428 1055 2470 vetis
1075 2429 1119 2471 δι
1141 2429 1320 2478 Favoni,

236 2483 493 2539 Trahuntque
515 2483 634 2527 ficcas
647 2488 834 2529 machinae
855 2490 1028 2541 carinas3

1104 2552 1147 2593 A
1173 2565 1201 2603 4
