1592 2898
273 247 765 309 §jz-RMONUM
815 245 962 293 LIB.
1019 246 1088 294 11.
1258 262 1351 311 213

75 355 181 399 Cum
203 366 243 397 te
264 354 446 396 formidet
469 353 630 403 mulier,
652 365 780 409 neque
799 352 928 393 credat
954 350 1111 394 amanti.
1299 351 1353 406 65

0 431 2 435 ’
76 417 155 460 Ibis
177 418 244 460 sub
261 416 410 459 furcam
436 417 625 470 prudens,
648 415 889 469 dominoque
911 413 1055 455 furenti

77 480 309 521 Committes
327 492 409 520 rem
426 491 603 526 omnem,
622 477 666 518 δι
677 478 798 518 vitam
809 507 821 525 ,
843 476 886 517 δι
900 488 990 517 cum
1011 487 1181 530 corpore
1197 472 1352 516 famam.

77 541 229 583 Evasti?
250 541 387 594 credo,
410 551 586 587 metues,
604 538 817 593 do&usque
844 539 1014 581 cavebis.
1086 548 1091 554 '

76 604 273 658 Quaeres,
298 603 454 658 quando
473 602 614 643 iterum
634 614 803 656 paveas„
820 602 1038 656 iterumque
1056 600 1182 657 perire

75 661 209 708 Poffis.
242 664 283 706 O
308 667 424 707 toties
442 665 598 707 servus!
623 679 712 719 quae
743 665 871 706 bellua
894 666 1042 720 ruptis,
1298 675 1356 718 7ο

77 728 182 770 Cum
205 727 319 770 semel
339 727 497 782 effugit,
517 729 638 770 reddit
658 727 696 770 se
719 740 844 782 prava
871 727 1042 769 catenis?

77 792 173 834 Non
190 792 272 834 sum
291 792 466 834 moechus
478 822 489 840 ,
514 793 591 833 ais:
615 804 743 846 neque
759 804 836 846 ego
849 821 862 839 ,
883 791 1062 840 hercule,
1076 789 1163 843 fur,
1179 790 1250 833 ubi
1262 789 1361 834 vasa

16 897 19 899 ,
77 853 275 896 Praetereo
293 853 439 908 sapiens
459 866 665 907 argentea:
689 853 786 894 tolle
811 853 1025 908 periclum3

75 918 165 965 Jam
183 931 284 971 vaga
308 916 475 970 profiliet
502 915 634 957 fraenis
658 928 796 956 natura
824 916 997 957 remotis.

78 977 197 1020 Tune
219 978 309 1018 mihi
334 977 537 1024 dominus,
561 989 696 1028 rerum
723 977 891 1032 imperiis
911 975 1195 1029 hominumque
1300 984 1359 1030 75

79 1041 165 1082 Tot
187 1038 379 1093 tantisque
408 1039 562 1087 min0t3
584 1051 701 1092 quem
737 1050 795 1078 ter
823 1039 994 1078 vindstla
1021 1049 1240 1092 quaterque

78 1102 268 1157 Impofita
292 1101 395 1143 haud
420 1113 596 1155 unquam
626 1099 762 1141 misera
787 1099 993 1142 formidine
1019 1099 1178 1155 privet?

82 1166 194 1207 Adde
218 1165 351 1221 super,
377 1165 485 1206 dietis
504 1165 612 1218 quod
635 1177 716 1206 non
740 1164 865 1206 levius
890 1164 1045 1206 valeat:
1068 1177 1160 1205 nam

19 1256 23 1264 ·
82 1228 175 1270 Sive
196 1227 362 1269 vicarius
386 1227 463 1275 est,
484 1226 556 1281 qui
582 1225 698 1267 servo
722 1238 855 1279 paret,
883 1226 973 1280 (uti
999 1239 1085 1268 mos

82 1289 223 1331 Vester
246 1290 327 1343 ait)
352 1288 418 1330 seu
443 1287 680 1336 conservu53
702 1287 774 1328 tibi
791 1287 888 1342 quid
914 1286 997 1328 sum
1017 1286 1120 1341 ego?
1138 1299 1276 1342 nempe
1302 1285 1363 1333 8ο

82 1350 177 1398 Τυ,
207 1350 300 1390 mihi
321 1351 390 1405 qui
410 1350 629 1404 imperitas,
651 1349 738 1398 'aliis
759 1348 880 1391 servis
904 1349 1039 1400 miser,
1061 1361 1182 1405 atque

83 1413 253 1455 Duceris
267 1444 279 1462 ‚
304 1424 350 1455 ut
375 1413 508 1455 nervis
532 1413 665 1454 alienis
689 1413 833 1455 mobil’e
859 1412 1018 1468 lignum.

84 1475 280 1530 Quisnam
301 1476 421 1530 igitur
449 1474 571 1517 liber?
598 1475 782 1530 Sapiens,
806 1475 875 1515 fibi
900 1470 971 1529 ¹qui
998 1474 1249 1529 imperiosus:

84 1537 222 1592 Quem
233 1546 359 1592 neque
370 1538 572 1592 pauperies
583 1568 594 1587 ,
605 1550 735 1592 neque
748 1550 853 1578 mors
862 1569 874 1587 ‚
888 1550 1016 1590 neque
1028 1537 1185 1579 vincula
1194 1546 1365 1586 terrent3

85 1599 326 1655 Responsare
357 1600 621 1654 cupidinibus,
648 1612 898 1642 contemnere
923 1597 1093 1641 honores
1305 1599 1365 1654 ὃς

86 1661 238 1711 Fortis3
268 1662 309 1702 81
330 1662 369 1702 in
391 1661 429 1703 se
453 1661 536 1716 ipso
555 1672 666 1702 totus
692 1674 791 1702 teres
813 1674 930 1716 atque
957 1661 1178 1709 rotundus,

87 1723 250 1765 Externi
271 1737 321 1765 ne
351 1725 443 1778 quid
469 1725 598 1765 valeat
626 1738 692 1778 per
714 1724 815 1773 laeve
841 1724 1011 1773 morari;

9 1783 15 1791 ⁵
86 1786 135 1826 In
149 1788 278 1840 ‘quem
295 1799 431 1826 manca
453 1788 530 1827 ruit
553 1786 700 1840 semper
722 1785 893 1841 fortuna.
917 1783 1080 1827 Potesne

88 1849 149 1890 Ex
172 1849 231 1889 his
252 1859 298 1889 ut
320 1849 527 1903 proprium
550 1847 644 1902 quid
675 1848 863 1889 noscere?
889 1848 1086 1902 Quinque
1110 1848 1254 1890 talenta

87 1909 216 1952 Poscit
237 1922 276 1951 te
306 1910 464 1959 mulier,
487 1921 606 1950 vexat
621 1941 634 1960 ,
656 1909 882 1964 foribusque
900 1909 1096 1964 repulsum
1307 1924 1369 1965 90

0 1998 2 2034 ἱ
87 1972 287 2014 Perfundit
308 1973 454 2027 gelida:
483 1972 614 2014 rursus
638 1985 781 2018 vocat:
807 1974 917 2027 eripe
942 1974 1046 2029 turpi

0 2035 1 2086 ζ
88 2033 206 2075 Colla
233 2034 348 2087 jugo:
369 2033 492 2082 liber,
515 2034 613 2075 liber
637 2033 744 2096 sum,
769 2035 829 2076 dic
855 2047 954 2088 age:
982 2047 1064 2076 non
1083 2033 1172 2089 quis
1185 2051 1202 2085 ς

0 2099 1 2133 i
89 2096 215 2149 Urget
236 2096 342 2137 enim·
359 2096 537 2139 dominus
562 2108 731 2140 mentem
758 2109 841 2138 non
865 2097 986 2146 lenis,
1004 2099 1046 2139 δι
1063 2111 1171 2140 acres

0 2599 8 2898 ἱ

89 2156 303 2210 δυὺῇεᾶετ
307 2156 400 2198 laffo
420 2157 618 2207 stimulos,
641 2159 845 2213 versatque
867 2173 1086 2214 negantem.

90 2219 169 2259 Vel
192 2232 284 2259 cum
313 2218 494 2261 Pausiaca
519 2232 678 2275 torpes,
698 2220 854 2271 insane,
882 2223 1050 2272 tabella,
1309 2237 1372 2281 95

90 2278 182 2332 Qui
205 2293 340 2332 peccas
361 2282 490 2323 minus
510 2293 628 2337 atque
646 2296 747 2338 ego,
769 2297 860 2325 cum
888 2283 1007 2327 Fulvi
1032 2286 1310 2342 Rutubaeque,

92 2342 177 2382 Aut
198 2342 423 2395 Placidejani
447 2356 635 2387 contento
656 2348 804 2402 poplite
834 2349 956 2389 miror

92 2403 253 2453 Proelia,
279 2405 431 2446 rubrica
452 2408 553 2460 pista
575 2421 642 2450 aut
663 2411 862 2460 carbone3
883 2410 1000 2453 velut
1016 2411 1047 2452 fi

93 2465 249 2506 Revera
267 2480 458 2520 pugnent,
482 2468 643 2521 feriant,
669 2473 874 2526 vitentque
902 2484 1109 2514 moventes

93 2526 218 2572 Arma
243 2526 343 2569 viri?
369 2529 548 2583 Nequam
571 2531 613 2576 &
631 2531 794 2574 ceffator
814 2532 981 2584 Davus3
1004 2543 1044 2573 at
1062 2531 1140 2586 ipse
1288 2541 1368 2576 100
