1592 2898
503 107 509 130 l

285 246 757 297 CARMINUM
807 247 954 296 LIB.
1010 249 1109 298 IV.

82 354 169 397 Nec
193 352 344 395 Iaethaea
365 352 470 395 valet
490 353 661 397 Theseus
682 354 913 410 abrumpere
941 368 1036 397 caro

140 413 308 457 Vincula
328 412 512 457 Pirithoo.

496 581 679 631 ODE
741 587 938 634 VIII.

317 715 425 758 AD
488 688 1106 763 CENSORINUM.

1260 265 1344 318 ²¹5

8 822 11 827 Ι
82 843 193 885 Nihil
222 842 284 899 ff
318 845 528 886 carminibus
555 847 734 899 potentius
760 849 812 887 ad
836 848 1081 902 sempiternam
1104 849 1168 902 sui
1197 847 1351 890 nominis

0 908 1 911 ’
137 906 332 947 memoriam
355 907 495 961 posteris
513 909 748 969 prodendam,
775 921 879 962 atque
900 911 947 950 ab
973 910 1150 952 oblivione
1172 912 1350 952 hominum

136 966 401 1010 vindicandam.

83 1076 352 1150 DONAREM
383 1117 534 1160 pateras
558 1117 743 1163 grataque
772 1110 1002 1153 commodus
1014 1119 1031 1159 ;

86 1166 321 1215 Censorine,
340 1169 434 1208 meis
455 1180 533 1208 aera
556 1169 771 1219 sodalibus3

85 1225 285 1268 Donarem
309 1229 501 1282 tripodas,
531 1230 688 1283 praemja
717 1229 881 1270 fortium

81 1289 324 1341 Graiorum:
355 1301 482 1344 neque
509 1301 553 1332 tu
577 1291 732 1346 peffima
753 1288 961 1334 munerum

83 1347 243 1400 Ferres,
267 1351 390 1390 divite
419 1363 482 1392 me
504 1350 644 1392 scilicet
672 1353 837 1401 artium,

84 1413 199 1469 Quas
219 1423 289 1454 aut
312 1413 528 1454 Parrhafius
551 1412 737 1467 protulit,
763 1413 833 1455 a'ut
855 1404 1030 1470 Scopa„

83 1475 162 1516 Hic
184 1473 301 1524 saxo,
331 1475 482 1528 liquidis
510 1475 572 1516 ille
594 1475 790 1516 coloribus

83 1536 227 1578 Sollers
248 1549 351 1579 nunc
373 1536 569 1578 hominem
594 1550 741 1590 ponere
755 1568 766 1585 ‚
780 1550 897 1578 -nunc
913 1537 1064 1580 Deuma

82 1597 156 1638 Sed
182 1611 262 1638 non
286 1597 370 1640 haec
394 1598 486 1638 mihi
511 1598 591 1638 vis:
618 1611 690 1640 nec
718 1598 787 1638 tibi
810 1598 947 1639 talium

83 1660 164 1701 Res
189 1660 244 1701 est
266 1671 331 1701 aut
352 1660 501 1710 animus
525 1660 750 1701 deliciarum
778 1673 908 1713 egens.

84 1721 240 1764 Gaudes
260 1721 514 1762 carminibus:
544 1722 712 1761 carmina
735 1721 938 1774 poffumus

84 1783 276 1834 Donate,
300 1785 343 1826 &
367 1784 530 1838 pretium
556 1783 683 1824 dicere
708 1782 871 1825 muneri.

85 1846 179 1887 Non
202 1845 320 1887 incisa
342 1847 444 1886 notis
467 1859 659 1886 marmora
681 1846 871 1899 publicis,

85 1906 158 1948 Per
176 1920 265 1962 quae
289 1907 440 1960 spiritus
462 1907 504 1947 δι
525 1907 606 1947 vita
631 1908 730 1947 redit
755 1905 868 1948 bonis

85 1969 173 2010 Post
193 1980 357 2010 mortem
384 1969 568 2018 ducibus3
591 1981 672 2009 non
702 1969 844 2010 celeres
869 1964 972 2022 fugae
984 1978 1001 2017 ,‘

86 2029 334 2084 Reje&aeque
355 2029 563 2070 retrorsum
586 2029 812 2070 Hannibalis
838 2031 977 2080 minae3

87 2089 182 2130 Non
200 2091 374 2131 incendia
396 2090 637 2144 Carthaginis
659 2091 785 2145 impiae
799 2120 812 2139 ,

88 2152 206 2204 Ejus,
230 2153 296 2205 qui
315 2153 458 2193 domita
481 2144 624 2193 nomen
650 2153 699 2201 ab
717 2152 849 2195 Africa

88 2214 275 2257 Loeratus
305 2215 433 2263 rediit,
457 2214 598 2255 clarius
616 2215 785 2256 indicant

88 2274 260 2322 Laudes,
283 2288 397 2328 quam
415 2275 590 2316 Calabrae
610 2276 798 2317 Pierides:
827 2285 975 2331 neque,

43 2342 49 2347 '
88 2336 130 2376 Si
156 2336 298 2376 chartae
323 2335 478 2384 sileant,
499 2338 605 2390 quod
627 2337 726 2378 bene
747 2337 907 2386 feceris,

32 2431 43 2441 ⁴.
89 2397 308 2438 Mercedem
327 2398 470 2438 tuleris.
494 2398 609 2450 Quid
636 2398 736 2440 foret
757 2400 841 2440 Iliae

89 2457 356 2512 Mavortisque
380 2472 500 2513 puer,
519 2459 548 2499 s1
572 2462 809 2503 taciturnitas

88 2519 267 2570 Obssaret
291 2521 434 2563 meritis
454 2522 580 2564 invida
602 2523 796 2571 Romuli}

1017 2585 1110 2627 Ha

668 2681 719 2715 ἒυ

1305 1676 1356 1705 10

1306 1983 1353 2026 ¹5

1304 2291 1358 2321 20
