1592 2898
195 203 264 266 78
401 200 470 276 Q.
528 207 910 256 ‘H'ORATII
974 213 1282 264 FLACCI

202 321 303 351 mm.
341 311 410 352 Me
438 323 562 355 torret
589 314 671 357 face
698 325 835 359 mutua
974 337 979 342 ·
1113 344 1121 353 ·

388 374 554 416 Thurini
580 375 708 418 Calais
736 377 838 420 filius
861 376 1043 435 Ornyti:

334 434 411 477 Pro
436 450 520 490 quo
545 437 606 479 bis
628 441 750 492 patiar
779 442 906 491 mori,
1412 460 1473 505 ις

385 498 427 539 Si
454 512 613 553 parcent
636 516 763 555 puero
789 503 870 546 fata
892 504 1094 560 superstiti.

201 567 313 601 HOR.
340 558 479 614 Quid?
508 561 537 601 s1
557 562 677 616 prisca
702 564 798 605 redit
824 567 987 616 Venus,

386 621 656 679 Didu&osque
676 625 774 682 jugo
794 629 900 682 cogit
924 631 1075 672 aeneo?

332 685 370 726 Si
389 686 495 728 flava
519 690 713 731 excutitur
734 690 883 739 Chloe,

386 748 637 805 RejeRaeque
662 763 766 807 patet
793 752 911 805 janua
934 753 1098 807 Lydiae?
1419 768 1473 804 ιο

199 820 299 853 um.
333 809 588 866 Quamquam
610 812 728 854 fidere
753 814 949 868 pulchrior

385 871 453 913 Ille
482 873 559 923 est,
588 886 632 916 tu
652 875 779 917 levior
807 876 980 926 cortice,
1005 876 1046 917 δι
1074 877 1258 932 improbo

329 934 553 978 Iracundior
576 939 750 980 Hadria:

381 997 532 1040 Tecum
556 1000 693 1044 vivere
715 1013 869 1049 amem,
897 1013 1028 1046 tecum
1045 1003 1185 1045 obeam
1206 1003 1339 1046 libens.

679 1217 717 1263 0
746 1217 794 1264 D
830 1217 874 1263 E
932 1219 990 1266 Χ.

571 1381 592 1422 I
628 1380 666 1423 N
744 1382 776 1423 L
815 1382 854 1423 Y
891 1383 927 1426 C
962 1385 994 1429 E
1035 1386 1086 1427 N.

276 1541 333 1583 Ut
354 1543 466 1596 posita
490 1541 611 1582 duritie
625 1572 638 1592 ,
660 1543 781 1598 aliqM
809 1544 915 1598 ipsius
947 1544 1174 1597 misericordia
1198 1545 1367 1600 capiatur.

189 1682 476 1757 EXTREMUM
502 1708 658 1752 Tanain
680 1709 707 1750 fi
737 1709 911 1759 biberes,
935 1711 1067 1765 Lyce,⁴
1141 1755 1146 1759 ,

187 1775 308 1815 Saevo
337 1785 458 1827 nupta
483 1774 599 1814 viro:
622 1785 684 1813 me
714 1783 844 1813 tamen
866 1773 1015 1827 asperas

189 1834 414 1877 Porreaum
445 1846 533 1875 ante
561 1833 664 1874 fores
691 1833 862 1886 objicere
887 1835 1024 1879 incolis

348 1897 524 1939 Plorares
544 1897 820 1951 Aquilonibus.

184 2009 312 2052 'Audis
326 2039 337 2058 ‚
364 2022 449 2063 quo
467 2008 627 2063 strepitu
651 2008 794 2061 janua,
813 2021 895 2062 quo
926 2021 1066 2050 nemus
1437 2019 1458 2063 ς

185 2071 294 2112 Inter
321 2071 481 2125 pulchra
505 2071 630 2110 satum
657 2071 757 2111 tec'ta
786 2071 975 2123 remugiat

187 2130 354 2175 Ventis?
380 2131 422 2172 δι
441 2131 584 2186 positas
601 2143 645 2172 ut
667 2131 804 2185 glaciet
819 2131 930 2174 nives

343 2194 448 2237 Puro
475 2196 636 2236 numine
660 2195 861 2249 Iuppiter?

186 2313 383 2366 Ingratam
406 2312 553 2354 Veneri
577 2326 679 2367 pone
705 2312 943 2367 superbiam:

186 2375 249 2415 Ne
266 2386 447 2416 currente
472 2386 560 2415 rota
587 2375 688 2415 funis
708 2387 770 2415 eat
794 2386 913 2417 retro.
1221 2394 1230 2397 -
1385 2389 1388 2391 ·
1408 2381 1456 2410 10

186 2439 280 2480 Non
310 2450 348 2479 te
377 2438 596 2491 Penelopen
621 2437 809 2478 difficilem
831 2434 960 2490 procis

348 2492 583 2552 Tyrrhenus
606 2498 738 2552 genuit
763 2508 912 2550 parens.
