1592 2898
274 281 884 351 EPISTULARUM
935 281 1080 328 L‘IB.
1140 282 1210 329 11.
1298 298 1391 347 ²79

131 389 260 436 Multa
272 393 373 441 dia,
394 391 437 433 δι
457 391 578 432 multa
595 390 712 431 litura
728 389 904 431 coercuit
916 418 928 437 ‚
947 400 1064 442 atque

131 454 359 496 Praeseflum
379 454 503 495 decies
520 464 602 493 non
615 451 813 504 castigavit
834 451 881 490 ad
903 463 1086 504 unguem.

132 515 338 572 ingenium
354 513 491 555 misera
507 514 600 568 quia
623 512 862 554 fortunatius
885 522 970 552 arte
1316 523 1391 566 295

134 577 289 625 Credit,
309 579 349 618 δι
362 577 536 618 excludit
558 576 670 616 sanos
696 575 881 616 Helicone
899 586 1035 628 poetas

134 637 530 687 Democrims3b0na
545 651 633 692 pars
649 650 729 678 non
750 650 898 691 ungues
914 649 1059 689 ponere
1074 646 1209 683 curat,

132 699 230 741 Non
251 701 436 748 barbam,
451 699 594 741 secreta
617 701 710 752 petit
732 700 847 748 loca,
870 699 1005 739 balnea
1028 699 1139 739 vitat.

137 761 389 804 Nanciscetur
409 764 509 803 enim
531 764 698 817 pretium
719 773 944 816 nomenque
965 773 1119 815 poetae,

140 824 182 867 si
199 825 321 866 tribus
334 825 536 878 Anticyris
557 836 676 877 caput
699 822 903 864 insanabile
923 835 1122 877 nunquam
1324 832 1401 875 300

140 886 312 928 Tonsori
334 888 469 928 Licino
490 885 731 928 commiserit.
752 885 795 928 O
816 898 891 938 ego
911 885 1059 933 laevus,
1351 901 1360 913 x

142 947 233 1002 Qui
256 962 403 1003 purgor
429 949 543 989 bilem
563 947 632 987 sub
655 949 767 987 verni
792 947 979 1000 temporis
1001 946 1162 986 horam!

142 1010 239 1051 Non
258 1011 356 1052 alius
372 1011 514 1052 faceret
532 1010 694 1050 meliora
718 1019 920 1062 poemata:
955 1021 1093 1049 vetum

143 1073 210 1115 Nil
229 1076 325 1115 tanti
347 1074 423 1115 est:
443 1066 542 1128 ergo
559 1072 699 1126 fungar
724 1073 812 1111 vice
837 1072 960 1118 cotis,
982 1082 1139 1112 acutum

144 1136 424 1190 Redderequae
444 1134 588 1176 ferrum
606 1134 739 1182 valet,
760 1132 894 1173 exsors
916 1131 996 1186 ipsa
1019 1131 1188 1172 secandi:
1329 1141 1404 1186 305

146 1199 299 1239 Munus
318 1199 359 1239 δι
378 1198 552 1238 officium
566 1226 581 1243 ,
608 1195 663 1236 nil
687 1195 850 1236 scribens
873 1193 979 1247 ipse,
1003 1193 1186 1241 docebo;

147 1259 265 1302 Unde
284 1271 468 1312 parentur
483 1271 603 1312 opes3
627 1257 818 1311 quidalat
841 1255 1060 1309 formetque
1081 1267 1265 1305 poetam;

149 1321 262 1374 Quid
281 1323 440 1369 deceat,
457 1321 548 1375 quid
570 1333 673 1370 non3
700 1332 784 1373 quo
804 1320 953 1367 virtus,
972 1331 1056 1372 quo
1075 1317 1174 1358 ferat
1193 1331 1319 1359 error.

150 1384 347 1425 Scribendi
365 1385 495 1433 reste,
518 1383 647 1436 sapere
661 1382 716 1422 est
729 1382 770 1422 δι
793 1382 1022 1434 principium
1046 1381 1089 1421 δι
1106 1379 1222 1421 fons:

151 1446 255 1488 Rem
272 1446 344 1486 tibi
357 1445 570 1486 ‹Socraticae
589 1457 772 1498 poterunt
791 1444 993 1484 ostendere
1007 1444 1172 1484 chartae:
1215 1479 1221 1488 ,
1273 1481 1307 1493 „
1337 1454 1414 1495 310

153 1507 369 1560 Verbaque
388 1506 585 1560 provisam
604 1518 685 1545 rem
712 1517 793 1544 non
815 1505 937 1544 invita
960 1503 1179 1555 sequentur.

153 1568 245 1622 Qui
264 1568 394 1609 didicit
406 1596 419 1616 ,
442 1568 582 1622 patrie
601 1567 693 1620 quid
712 1567 851 1606 debeat
864 1596 877 1613 ‚
900 1567 941 1606 &
960 1565 1052 1619 quid
1073 1565 1229 1611 amicis,

150 1627 322 1683 Quofit
341 1643 476 1671 amore
494 1641 653 1682 patens,
676 1641 760 1682 quo
780 1627 895 1668 frater
919 1627 1105 1667 amandus
1127 1627 1169 1666 δι
1191 1625 1351 1681 hospoe,

156 1690 284 1743 Quod
300 1689 347 1729 fit
363 1689 592 1742 conscripti,
616 1688 723 1742 quod
742 1687 881 1740 judicis
900 1687 1073 1727 officium
1085 1717 1101 1734 ,
1123 1700 1213 1741 quae

156 1751 289 1790 Partes
308 1750 347 1789 in
371 1750 514 1790 bellum
538 1748 634 1788 miffi
654 1750 790 1796 duci83
814 1749 877 1788 ille
903 1747 1082 1801 profeffl)
1338 1759 1414 1802 315
1470 1754 1480 1758 ‘
1560 1746 1562 1748 ’

155 1810 335 1850 Reddere
351 1809 527 1862 personae
548 1807 615 1848 scit
636 1808 905 1848 convenientia
925 1809 1078 1860 cuique.

157 1869 361 1923 Respicere
382 1869 580 1922 exemplar
598 1870 691 1908 vitae
708 1881 941 1920 morumque
963 1867 1115 1919 jubebo

159 1930 338 1971 Doaum
357 1931 615 1977 imitatorem,
640 1931 682 1970 δι
707 1942 821 1969 veras
841 1930 929 1969 hinc
951 1931 1093 1970 ducere
1114 1942 1249 1970 voces.

159 1991 356 2032 Interdum
383 1989 549 2043 speciosa
571 1991 668 2031 locis
688 2002 916 2042 morataque
933 1990 1035 2030 refle

163 2051 311 2093 Fabula
322 2082 345 2099 ,.
359 2051 501 2092 nullius
519 2051 669 2091 veneris
680 2080 693 2097 ‚
714 2050 792 2090 fine
811 2051 981 2103 pondere
998 2051 1040 2090 δι
1054 2062 1158 2100 arte,
1342 2064 1419 2106 320

163 2113 330 2152 Valdius
349 2112 519 2154 oblefiat
537 2113 746 2166 populum,
773 2112 982 2165 meliusque
1001 2124 1199 2162 moratur,

165 2174 301 2228 Quam
321 2174 452 2214 versus
475 2175 610 2228 inopes
629 2186 779 2219 rerum..
805 2187 999 2228 nugaeque
1021 2188 1188 2216 canorae.

166 2236 301 2287 Graiis
323 2237 541 2289 ingenium,
559 2235 687 2288 Grajis
704 2236 806 2276 dedit
823 2249 895 2276 ore
914 2238 1085 2277 rotundo

163 2298 282 2339 Musa
299 2299 429 2351 loqui,
450 2310 592 2351 praeter
610 2297 761 2338 laudem
785 2296 928 2336 nullius
951 2297 1098 2338 avaris:

167 2360 334 2401 Romani
354 2360 467 2411 pueri
488 2359 615 2411 longis
635 2358 854 2402 rationibus
870 2357 983 2399 ass‘em
1346 2370 1417 2412 325

166 2420 332 2462 Discunt
350 2421 390 2460 in
409 2430 537 2474 partes
551 2433 704 2461 eentum
723 2420 915 2461 diducere.-
926 2442 973 2450 —
988 2419 1103 2459 Dicat

168 2480 286 2523 Filius
305 2481 465 2530 Albini,
487 2482 528 2523 Si
549 2482 596 2523 de
617 2482 836 2537 quincunce
854 2493 1007 2523 remota
1030 2481 1085 2521 est
1102 2533 1127 2572 S

1156 2548 1180 2582 4
