1592 2898
208 224 305 279 154
420 209 486 282 Q.
547 206 928 255 HoRATn
984 204 1297 253 FLACC1

209 307 435 359 Mercator-:¹
463 329 531 366 tu,
556 315 755 357 consultus
781 313 903 355 modo
918 344 933 362 ‚
956 313 1144 356 rusticus:
1169 313 1256 355 hinc
1278 320 1388 361 vos,'

209 381 299 422 Vos
322 381 409 421 hinc
431 381 591 420 mutatis
613 379 795 420 discedite
821 371 1005 432 partibus.
1032 378 1126 425 Eia,

212 446 324 503 Quid
346 445 474 486 statis?
493 444 643 485 Nolint.
668 443 793 497 Atqui
813 442 901 483 licet
922 440 997 482 effe
1018 441 1151 482 beatis.

211 500 323 560 Quid
350 506 475 547 causae
504 505 587 553 est,
615 505 755 545 merito
781 505 876 558 quin
902 503 976 544 illis
998 503 1176 557 Juppiter
1202 501 1336 544 ambas
1442 512 1494 543 20

211 567 338 611 Iratus
359 569 500 610 buccas
525 566 662 608 inflet?
693 579 821 621 neque
845 565 883 606 se
902 564 990 606 fore
1013 564 1169 618 posthac

213 633 314 673 Tam
342 631 489 687 facilem
516 633 644 678 dicat,
671 630 779 671 votis
805 640 850 670 ut
871 629 1044 684 praebeat
1067 627 1227 670 aurem?

212 694 405 735 Praeterea
420 725 431 742 ,
459 707 507 734 ne
535 693 611 741 fic,
637 704 683 732 ut
705 692 773 746 qui
795 691 1013 744 jocularia,
1037 691 1165 732 ridens

213 756 465 797 Percurram:
492 767 733 809 quamquam
758 753 944 794 ridentem
965 752 1093 793 dicere
1117 764 1254 792 verum

215 817 330 871 Quid
356 817 491 859 vetat?
514 828 558 858 ut
582 818 712 870 pueris
731 816 826 857 olim
848 816 939 856 dant
963 814 1133 856 crustula
1157 813 1286 855 blandi
1446 826 1495 868 25

214 882 439 930 Βοᾶοτεε,
461 882 649 923 elementa
672 882 795 922 velint
820 892 865 922 ut
886 880 1030 921 discere
1058 879 1207 933 prima:

215 946 288 987 Sed
312 958 441 987 tamen
461 957 600 986 amoto
623 958 847 1000 quaeramus
870 943 964 985 seria
988 943 1096 984 ludo.

217 1009 288 1049 Ille
314 1022 498 1061 gravem
499 1009 600 1049 duro
628 1021 770 1050 terram
796 1008 866 1062 qui
889 1008 1008 1047 vertit
1034 1017 1192 1052 aratro,

215 1072 391 1114 Perfidus
417 1073 478 1114 hic
503 1085 659 1126 caupo,
682 1071 818 1119 miles,
841 1081 1078 1125 nautaeque,
1107 1082 1175 1123 per
1202 1080 1320 1110 omne

216 1136 399 1178 Audaces
420 1148 528 1176 mare
558 1136 626 1189 qui
649 1146 834 1180 currunt,
855 1134 926 1174 hac
954 1143 1082 1174 mente
1105 1130 1280 1172 laborem
1364 1146 1381 1148 *s
1448 1140 1501 1185 30

218 1195 306 1237 Sese
335 1196 456 1243 ferre,
482 1196 589 1237 senes
608 1208 651 1236 ut
679 1197 721 1236 in
747 1196 827 1236 otia
853 1205 936 1236 tuta
959 1193 1163 1241 recedant‚·

218 1259 366 1305 Aiunt,
397 1272 487 1300 cum
507 1258 575 1299 fibi
597 1258 670 1299 sint
692 1257 875 1311 congesta
895 1256 1066 1298 cibaria:
1094 1254 1192 1295 ficut

217 1321 387 1363 Parvula
411 1323 526 1376 (nam
553 1321 734 1376 exemplo
764 1321 854 1371 est)
883 1320 1010 1374 magni
1033 1319 1200 1361 formica
1226 1316 1372 1359 laboris

219 1383 306 1424 Ore
327 1384 443 1424 trahit
471 1384 739 1438 quodcunque
760 1383 913 1436 potest,
940 1394 1057 1436 atque
1082 1380 1185 1422 addit
1209 1391 1382 1426 acervo,

220 1445 360 1499 Quem
380 1445 512 1494 strum
537 1446 639 1486 haud
662 1446 796 1499 ignara
821 1458 866 1486 ac
884 1458 965 1486 non
991 1442 1311 1485 incauta.futuri.
1435 1454 1498 1496 -35
1550 1460 1553 1467 Α

220 1509 357 1562 Quae
377 1508 489 1554 simul
516 1509 711 1549 inversum
740 1508 943 1550 contristat
959 1508 1158 1562 Aquarius
1171 1519 1342 1556 annum,

220 1570 317 1611 Non
336 1571 507 1633 'usquam
532 1572 734 1626 prorepit,
762 1572 803 1612 δι
823 1571 897 1611 illis
919 1571 1041 1612 utitur
1061 1579 1151 1610 ante

221 1617 412 1686 Quaefitis
435 1633 603 1687 sapiens:
629 1647 719 1676 eum
743 1644 783 1675 te
805 1646 936 1687 neque
965 1631 1139 1674 fervidus
1166 1628 1281 1672 aestus

224 1694 445 1737 Dimoveat
476 1697 615 1744 lucro,
643 1710 772 1750 neque
799 1696 945 1744 hiems,
969 1694 1092 1749 ignis,
1111 1703 1242 1742 mare,
1267 1691 1440 1742 ferrum;

223 1757 291 1798 Nil
318 1758 442 1799 obstet
467 1759 533 1799 tibi
548 1787 560 1807 ‚
587 1759 679 1798 dum
700 1771 749 1798 ne
772 1756 819 1797 fit
845 1767 885 1798 te
906 1726 1023 1797 ditior
1040 1756 1148 1796 alter.
1452 1762 1508 1803 40

221 1819 339 1872 Quid
363 1819 483 1873 juvat
509 1820 738 1861 immensum
770 1831 810 1860 te
833 1819 985 1873 argenti
1006 1817 1159 1873 pondus
1177 1815 1220 1857 &
1243 1815 1330 1856 auri

220 1882 376 1933 Furtim
401 1882 545 1924 defoffa
572 1883 746 1924 timidum
769 1883 964 1936 deponere
989 1882 1121 1922 terra?
1138 1901 1185 1910 -

225 1945 378 1999 Quod,
400 1943 428 1984 si
450 1945 715 1993 comminuas,
739 1944 857 1984 vilem
883 1935 1076 1997 redigatu¹r
1100 1940 1148 1982 ad
1179 1937 1308 1980 ass'em.
1322 1959 1369 1968 -

225 2008 306 2054 At,
330 2008 370 2046 ni
393 2007 433 2046 id
453 2006 520 2056 fir,
540 2008 634 2060 quid
659 2006 773 2047 habet
800 2004 952 2059 pulchri
977 2000 1222 2044 construRus
1242 1997 1438 2066 acervus?

225 2068 351 2109 Millia
373 2068 554 2110 frumenti
577 2080 647 2109 tua
667 2067 821 2109 triverit
847 2079 935 2107 area
957 2075 1141 2111 centum,
1455 2070 1506 2115 45

225 2131 321 2171 Non
347 2143 438 2172 tuus
459 2132 538 2172 hoe
562 2131 689 2185 capiet
710 2141 850 2170 venter
872 2129 984 2183 plus,
1006 2139 1124 2182 quam
1150 2137 1285 2166 meus:
1314 2133 1359 2165 ut
1379 2121 1410 2164 si

227 2192 456 2233 Reticulum
477 2194 588 2246 panis
614 2192 776 2233 venales
805 2193 905 2232 inter
926 2189 1072 2232 onusto

228 2255 348 2296 Forte
369 2257 489 2296 vehas
513 2257 698 2303 humero,
729 2255 850 2296 nihilo
877 2254 963 2307 plus
986 2251 1177 2305 accipias,
1200 2262 1320 2304 quam

230 2319 319 2372 Qui
340 2318 391 2358 nil
416 2319 591 2373 portarit.
614 2319 692 2359 Vel
717 2318 776 2358 dic
791 2348 805 2365 ,
829 2317 925 2371 quid
949 2314 1091 2356 referat
1119 2314 1221 2354 intra

229 2381 392 2422 Naturae
414 2379 511 2420 fines
531 2380 707 2427 viventi,
729 2378 867 2432 jugera
889 2389 1048 2418 centum
1063 2406 1076 2423 ,
1100 2388 1150 2416 an
1463 2379 1514 2423 ςο

230 2443 341 2485 Mille
363 2441 472 2483 aret?
487 2465 532 2473 —
549 2442 605 2482 At
624 2441 749 2489 'suave
766 2439 821 2482 est
845 2453 895 2481 ex
921 2451 1065 2492 magno
1083 2437 1219 2478 tollere
1237 2445 1398 2476 acervo.
1413 2453 1460 2465 —

233 2507 346 2550 Dum
368 2519 417 2548 ex
439 2518 568 2562 parvo
592 2505 708 2547 nobis
734 2503 958 2546 tantundem
985 2501 1139 2544 haurire
1158 2499 1351 2554 relinquas
1365 2525 1382 2544 ,
