1592 2898
186 274 249 320 70
380 260 439 330 Q.
506 258 893 308 HoRATII
957 261 1266 311 FLAfCCI

183 365 272 404 Vos
292 364 485 406 Caesarem
511 366 629 406 altum
646 396 658 415 ,
680 366 813 407 militia
835 366 947 409 fimul

183 427 307 468 Fess'as
328 429 511 469 cohortes
546 430 686 469 abdidit
709 430 888 484 oppidis,

234 491 362 532 Finire
389 504 627 545 quaerentem
651 493 806 535 labores

288 553 417 599 Pierio
441 557 623 597 recreatis
646 569 774 599 antro.

181 648 270 689 Vos
293 649 379 692 lene
402 650 605 692 confilium
631 652 672 692 δι
691 652 812 703 datis,
836 651 877 693 &
894 652 987 694 dato

179 711 392 762 Gaudetis,
416 715 539 754 almae.
566 715 717 756 Scimus
733 747 745 766 ,
766 727 810 756 ut
837 716 977 769 impios

235 775 394 816 Titanas
417 777 706 831 immanemque
731 790 899 819 turmam

276 837 464 880 ,Fulmine
484 837 672 881 sustulerit
693 842 862 891 caduco,

180 941 269 994 Qui
289 952 430 982 terram
451 941 611 983 inertem
625 972 636 990 ‚
658 942 726 996 qui
749 956 856 984 mare
879 954 1068 999 temperat

176 1002 420 1049 ‚Ventosum,
455 1004 496 1044 δι
520 1003 661 1052 urbes,v
678 1016 875 1057 regnaque
893 1003 1033 1055 tristia,

230 1066 440 1120 Divosque
462 1065 720 1120 mortalesque
742 1067 877 1108 turbas
957 1078 962 1086 ⁴

285 1133 459 1187 Imperio
481 1132 580 1186 regit
599 1143 705 1172 unus
721 1144 851 1186 aequo.v

178 1237 371 1290 Magnum
396 1236 459 1277 illa
486 1247 675 1278 terrorem
698 1237 879 1279 intulerat
901 1233 995 1279 Jovi

178 1297 336 1343 Fidens,
361 1299 548 1352 juvemus
575 1301 759 1348 horrida,
780 1302 968 1351 brachiis,

232 1358 462 1412 Fratresque
486 1359 686 1400 tendentes
710 1373 839 1412 opaco

285 1420 419 1461 Pelion
448 1419 664 1475 imposuiffe
690 1420 889 1476 Olympo.

175 1525 249 1566 Sed
276 1526 371 1580 quid
397 1526 646 1579 Typhoeus,
673 1527 714 1567 δι
732 1527 884 1568 validus
904 1526 1067 1579 Mimas}

176 1589 262 1629 Aut
285 1589 378 1642 quid
400 1590 539 1629 minaci
569 1588 819 1641 Porphyrion
842 1588 939 1630 statu
955 1620 967 1638 ,

231 1650 344 1703 Quid
369 1650 538 1691 Rhoetus
552 1681 564 1697 ‚
586 1650 804 1704 evulsisque
825 1652 974 1692 truncis

284 1711 496 1753 Enceladus
516 1707 710 1766 jaculator
741 1714 865 1753 audax
878 1744 891 1763 ‚

175 1812 325 1855 Contra
349 1812 547 1852 sonantem
581 1811 741 1852 Palladis
765 1812 887 1866 aegida

173 1876 325 1922 Poffent
349 1878 530 1916 ruentes?
559 1875 662 1916 Hinc
686 1875 822 1916 avidus
849 1875 950 1917 stetit

228 1939 457 1987 Vulcanus,
485 1938 575 1978 hinc
601 1950 779 1979 matrona
804 1939 937 1989 Juno,
967 1938 1011 1981 δε

281 2005 494 2060 Nunquam
519 2003 688 2044 humeris
715 2002 909 2056 positurus
933 2015 1091 2052 arcum,

175 2099 261 2154 Qui
282 2113 373 2140 rore
396 2113 498 2152 puro
517 2099 695 2140 Castaliae
722 2099 817 2140 lavit

174 2161 314 2201 Crines
335 2159 503 2208 solutos,
522 2160 591 2211 qui
616 2159 752 2210 Lyciae
776 2169 884 2201 tenet

227 2220 400 2262 Dumeta
420 2219 665 2273 natalemque
691 2219 824 2261 silvam
839 2251 852 2268 ‚

281 2281 418 2324 Delius
443 2281 485 2323 &
509 2280 691 2324 Patareus
719 2282 880 2336 Apollo.

172 2369 249 2408 Vis
274 2365 408 2408 confili
428 2378 567 2418 expers
597 2364 701 2404 mole
727 2364 805 2405 ruit
838 2365 927 2405 sua:

172 2431 266 2471 Vim
289 2438 539 2480 temperatam
564 2424 619 2466 Di
639 2437 799 2480 quoque
820 2424 1047 2478 provehunt

220 2492 270 2536 -In
297 2491 442 2543 majus:
462 2489 562 2530 idem
593 2489 712 2530 odere
736 2489 841 2530 vires

277 2554 409 2598 Omne
435 2552 542 2597 nefas
564 2552 694 2594 animo
713 2560 934 2595 moventes.

1212 200 1236 222 s

1405 556 1459 611 4ο

1400 950 1452 1000 ²43

1405 1314 1455 1360 30

1403 1662 1449 1708 55
