<?xml version="1.0" encoding="UTF-8"?>
<!DOCTYPE html PUBLIC "-//W3C//DTD XHTML 1.0 Transitional//EN"
    "http://www.w3.org/TR/xhtml1/DTD/xhtml1-transitional.dtd">
<html xmlns="http://www.w3.org/1999/xhtml" xml:lang="en" lang="en">
 <head>
  <title>
</title>
<meta http-equiv="Content-Type" content="text/html;charset=utf-8" />
  <meta name='ocr-system' content='tesseract 3.04.00' />
  <meta name='ocr-capabilities' content='ocr_page ocr_carea ocr_par ocr_line ocrx_word'/>
</head>
<body>
  <div class='ocr_page' id='page_1' title='image "./operaadoptimased00horauoft_0198.png"; bbox 0 0 1592 2898; ppageno 0'>
   <div class='ocr_carea' id='block_1_1' title="bbox 213 234 1265 304">
    <p class='ocr_par' dir='ltr' id='par_1_1' title="bbox 213 234 1265 304">
     <span class='ocr_line' id='line_1_1' title="bbox 213 234 1265 304; baseline 0.008 -25"><span class='ocrx_word' id='word_1_1' title='bbox 213 249 279 298; x_wconf 85' lang='lat'>94</span> <span class='ocrx_word' id='word_1_2' title='bbox 426 236 489 304; x_wconf 90' lang='lat' dir='ltr'>Q.</span> <span class='ocrx_word' id='word_1_3' title='bbox 540 234 911 290; x_wconf 84' lang='lat' dir='ltr'>HORATII</span> <span class='ocrx_word' id='word_1_4' title='bbox 961 238 1265 287; x_wconf 90' lang='lat' dir='ltr'>FLACCI</span> 
     </span>
    </p>
   </div>
   <div class='ocr_carea' id='block_1_2' title="bbox 206 340 1149 1584">
    <p class='ocr_par' dir='ltr' id='par_1_2' title="bbox 206 340 1149 1584">
     <span class='ocr_line' id='line_1_2' title="bbox 211 340 739 396; baseline 0.002 -15"><span class='ocrx_word' id='word_1_5' title='bbox 211 340 290 381; x_wconf 91' lang='lat' dir='ltr'>Vel</span> <span class='ocrx_word' id='word_1_6' title='bbox 309 353 383 381; x_wconf 86' lang='lat' dir='ltr'>nos</span> <span class='ocrx_word' id='word_1_7' title='bbox 404 340 443 380; x_wconf 91' lang='lat' dir='ltr'>in</span> <span class='ocrx_word' id='word_1_8' title='bbox 471 341 739 396; x_wconf 83' lang='lat' dir='ltr'>Capitolium,</span> 
     </span>
     <span class='ocr_line' id='line_1_3' title="bbox 266 403 1149 459; baseline 0.007 -15"><span class='ocrx_word' id='word_1_9' title='bbox 266 404 368 457; x_wconf 88' lang='lat' dir='ltr'>Quo</span> <span class='ocrx_word' id='word_1_10' title='bbox 393 403 541 445; x_wconf 84' lang='lat' dir='ltr'>clamor</span> <span class='ocrx_word' id='word_1_11' title='bbox 571 415 693 445; x_wconf 88' lang='lat' dir='ltr'>vocat</span> <span class='ocrx_word' id='word_1_12' title='bbox 715 405 758 446; x_wconf 79' lang='grc' dir='ltr'>δι</span> <span class='ocrx_word' id='word_1_13' title='bbox 777 405 891 447; x_wconf 88' lang='lat' dir='ltr'>turba</span> <span class='ocrx_word' id='word_1_14' title='bbox 914 405 1149 459; x_wconf 83' lang='lat' dir='ltr'>faventium,</span> 
     </span>
     <span class='ocr_line' id='line_1_4' title="bbox 210 466 842 521; baseline 0 -13"><span class='ocrx_word' id='word_1_15' title='bbox 210 466 289 508; x_wconf 90' lang='lat' dir='ltr'>Vel</span> <span class='ocrx_word' id='word_1_16' title='bbox 313 480 386 507; x_wconf 90' lang='lat' dir='ltr'>nos</span> <span class='ocrx_word' id='word_1_17' title='bbox 414 468 455 507; x_wconf 86' lang='lat' dir='ltr'>in</span> <span class='ocrx_word' id='word_1_18' title='bbox 484 479 590 507; x_wconf 88' lang='lat' dir='ltr'>mare</span> <span class='ocrx_word' id='word_1_19' title='bbox 617 468 842 521; x_wconf 85' lang='lat' dir='ltr'>proximum</span> 
     </span>
     <span class='ocr_line' id='line_1_5' title="bbox 267 529 1138 584; baseline 0.007 -15"><span class='ocrx_word' id='word_1_20' title='bbox 267 529 478 577; x_wconf 88' lang='lat' dir='ltr'>Gemmas,</span> <span class='ocrx_word' id='word_1_21' title='bbox 501 530 541 570; x_wconf 77' lang='grc' dir='ltr'>δι</span> <span class='ocrx_word' id='word_1_22' title='bbox 566 529 729 583; x_wconf 87' lang='lat' dir='ltr'>lapides,</span> <span class='ocrx_word' id='word_1_23' title='bbox 755 544 894 573; x_wconf 88' lang='lat' dir='ltr'>aurum</span> <span class='ocrx_word' id='word_1_24' title='bbox 916 533 957 574; x_wconf 77' lang='grc' dir='ltr'>δι</span> <span class='ocrx_word' id='word_1_25' title='bbox 981 533 1138 584; x_wconf 88' lang='lat' dir='ltr'>inutile,</span> 
     </span>
     <span class='ocr_line' id='line_1_6' title="bbox 210 591 721 640; baseline 0 -8"><span class='ocrx_word' id='word_1_26' title='bbox 210 591 360 632; x_wconf 88' lang='lat' dir='ltr'>Summi</span> <span class='ocrx_word' id='word_1_27' title='bbox 390 593 585 633; x_wconf 79' lang='lat' dir='ltr'>materiem</span> <span class='ocrx_word' id='word_1_28' title='bbox 609 593 721 640; x_wconf 88' lang='lat' dir='ltr'>mali,</span> 
     </span>
     <span class='ocr_line' id='line_1_7' title="bbox 238 654 1078 712; baseline 0.005 -17"><span class='ocrx_word' id='word_1_29' title='bbox 238 663 244 669; x_wconf 88' lang='lat'><em>·</em></span> <span class='ocrx_word' id='word_1_30' title='bbox 264 656 493 704; x_wconf 90' lang='lat' dir='ltr'>Mittamus,</span> <span class='ocrx_word' id='word_1_31' title='bbox 517 654 701 697; x_wconf 88' lang='lat' dir='ltr'>scelerum</span> <span class='ocrx_word' id='word_1_32' title='bbox 726 655 756 697; x_wconf 85' lang='lat' dir='ltr'>fi</span> <span class='ocrx_word' id='word_1_33' title='bbox 778 657 878 698; x_wconf 87' lang='lat' dir='ltr'>bene</span> <span class='ocrx_word' id='word_1_34' title='bbox 899 658 1078 712; x_wconf 85' lang='lat' dir='ltr'>poenitet.</span> 
     </span>
     <span class='ocr_line' id='line_1_8' title="bbox 208 718 622 772; baseline 0.005 -14"><span class='ocrx_word' id='word_1_35' title='bbox 208 718 406 759; x_wconf 82' lang='lat' dir='ltr'>Eradenda</span> <span class='ocrx_word' id='word_1_36' title='bbox 430 719 622 772; x_wconf 84' lang='lat' dir='ltr'>cupidinis</span> 
     </span>
     <span class='ocr_line' id='line_1_9' title="bbox 261 778 1090 824; baseline 0.005 -5"><span class='ocrx_word' id='word_1_37' title='bbox 261 779 376 819; x_wconf 88' lang='lat' dir='ltr'>Pravi</span> <span class='ocrx_word' id='word_1_38' title='bbox 396 778 483 820; x_wconf 88' lang='lat' dir='ltr'>sunt</span> <span class='ocrx_word' id='word_1_39' title='bbox 501 779 715 821; x_wconf 89' lang='lat' dir='ltr'>elementa:</span> <span class='ocrx_word' id='word_1_40' title='bbox 744 779 785 821; x_wconf 79' lang='grc' dir='ltr'>δι</span> <span class='ocrx_word' id='word_1_41' title='bbox 809 786 952 822; x_wconf 84' lang='lat' dir='ltr'>tenerae</span> <span class='ocrx_word' id='word_1_42' title='bbox 977 781 1090 824; x_wconf 85' lang='lat' dir='ltr'>nimis</span> 
     </span>
     <span class='ocr_line' id='line_1_10' title="bbox 209 841 1003 896; baseline 0.005 -15"><span class='ocrx_word' id='word_1_43' title='bbox 209 841 363 882; x_wconf 86' lang='lat' dir='ltr'>Mentes</span> <span class='ocrx_word' id='word_1_44' title='bbox 387 841 644 896; x_wconf 83' lang='lat' dir='ltr'>asperioribus</span> <span class='ocrx_word' id='word_1_45' title='bbox 999 856 1003 861; x_wconf 81' lang='lat'><strong>·</strong></span> 
     </span>
     <span class='ocr_line' id='line_1_11' title="bbox 263 903 1067 963; baseline 0.01 -20"><span class='ocrx_word' id='word_1_46' title='bbox 263 903 495 946; x_wconf 88' lang='lat' dir='ltr'>Formandae</span> <span class='ocrx_word' id='word_1_47' title='bbox 520 906 659 947; x_wconf 86' lang='lat' dir='ltr'>studiis.</span> <span class='ocrx_word' id='word_1_48' title='bbox 687 906 814 949; x_wconf 86' lang='lat' dir='ltr'>Nescit</span> <span class='ocrx_word' id='word_1_49' title='bbox 836 921 943 963; x_wconf 87' lang='lat' dir='ltr'>equo</span> <span class='ocrx_word' id='word_1_50' title='bbox 964 909 1067 951; x_wconf 87' lang='lat' dir='ltr'>rudis</span> 
     </span>
     <span class='ocr_line' id='line_1_12' title="bbox 208 968 733 1023; baseline 0.002 -15"><span class='ocrx_word' id='word_1_51' title='bbox 208 968 373 1008; x_wconf 84' lang='lat' dir='ltr'>Haerere</span> <span class='ocrx_word' id='word_1_52' title='bbox 395 968 585 1020; x_wconf 88' lang='lat' dir='ltr'>ingenuus</span> <span class='ocrx_word' id='word_1_53' title='bbox 613 981 733 1023; x_wconf 84' lang='lat' dir='ltr'>puer,</span> 
     </span>
     <span class='ocr_line' id='line_1_13' title="bbox 262 1029 996 1083; baseline 0.004 -15"><span class='ocrx_word' id='word_1_54' title='bbox 262 1029 488 1083; x_wconf 87' lang='lat' dir='ltr'>Venarique</span> <span class='ocrx_word' id='word_1_55' title='bbox 507 1030 639 1079; x_wconf 90' lang='lat' dir='ltr'>timet;</span> <span class='ocrx_word' id='word_1_56' title='bbox 664 1030 796 1071; x_wconf 86' lang='lat' dir='ltr'>ludere</span> <span class='ocrx_word' id='word_1_57' title='bbox 820 1030 996 1082; x_wconf 71' lang='lat' dir='ltr'>dofflor,</span> 
     </span>
     <span class='ocr_line' id='line_1_14' title="bbox 209 1090 803 1144; baseline 0.005 -13"><span class='ocrx_word' id='word_1_58' title='bbox 209 1090 285 1132; x_wconf 89' lang='lat' dir='ltr'>Seu</span> <span class='ocrx_word' id='word_1_59' title='bbox 305 1092 450 1133; x_wconf 84' lang='lat' dir='ltr'>Graeco</span> <span class='ocrx_word' id='word_1_60' title='bbox 476 1090 612 1144; x_wconf 83' lang='lat' dir='ltr'>jubeas</span> <span class='ocrx_word' id='word_1_61' title='bbox 639 1093 803 1143; x_wconf 87' lang='lat' dir='ltr'>trocho,</span> 
     </span>
     <span class='ocr_line' id='line_1_15' title="bbox 263 1156 921 1211; baseline 0.005 -14"><span class='ocrx_word' id='word_1_62' title='bbox 263 1156 338 1197; x_wconf 89' lang='lat' dir='ltr'>Seu</span> <span class='ocrx_word' id='word_1_63' title='bbox 367 1156 475 1196; x_wconf 89' lang='lat' dir='ltr'>malis</span> <span class='ocrx_word' id='word_1_64' title='bbox 498 1157 618 1197; x_wconf 89' lang='lat' dir='ltr'>vetita</span> <span class='ocrx_word' id='word_1_65' title='bbox 642 1157 790 1211; x_wconf 83' lang='lat' dir='ltr'>legibus</span> <span class='ocrx_word' id='word_1_66' title='bbox 815 1157 921 1200; x_wconf 81' lang='lat' dir='ltr'>alea:</span> 
     </span>
     <span class='ocr_line' id='line_1_16' title="bbox 207 1215 765 1270; baseline 0.004 -13"><span class='ocrx_word' id='word_1_67' title='bbox 207 1215 310 1257; x_wconf 90' lang='lat' dir='ltr'>Cum</span> <span class='ocrx_word' id='word_1_68' title='bbox 344 1215 499 1270; x_wconf 83' lang='lat' dir='ltr'>perjura</span> <span class='ocrx_word' id='word_1_69' title='bbox 529 1218 647 1270; x_wconf 86' lang='lat' dir='ltr'>patris</span> <span class='ocrx_word' id='word_1_70' title='bbox 671 1217 765 1259; x_wconf 87' lang='lat' dir='ltr'>fides</span> 
     </span>
     <span class='ocr_line' id='line_1_17' title="bbox 259 1279 1094 1338; baseline 0.006 -18"><span class='ocrx_word' id='word_1_71' title='bbox 259 1279 492 1321; x_wconf 88' lang='lat' dir='ltr'>Consortem</span> <span class='ocrx_word' id='word_1_72' title='bbox 515 1280 659 1322; x_wconf 87' lang='lat' dir='ltr'>socium</span> <span class='ocrx_word' id='word_1_73' title='bbox 682 1280 790 1323; x_wconf 83' lang='lat' dir='ltr'>fallat</span> <span class='ocrx_word' id='word_1_74' title='bbox 808 1281 851 1324; x_wconf 89' lang='lat'>&amp;</span> <span class='ocrx_word' id='word_1_75' title='bbox 879 1282 1094 1338; x_wconf 87' lang='lat' dir='ltr'>hospitem,</span> 
     </span>
     <span class='ocr_line' id='line_1_18' title="bbox 206 1341 674 1396; baseline 0.002 -15"><span class='ocrx_word' id='word_1_76' title='bbox 206 1341 449 1394; x_wconf 83' lang='lat' dir='ltr'>Indignoque</span> <span class='ocrx_word' id='word_1_77' title='bbox 472 1343 674 1396; x_wconf 89' lang='lat' dir='ltr'>pecuniam</span> 
     </span>
     <span class='ocr_line' id='line_1_19' title="bbox 260 1403 1017 1459; baseline 0.003 -15"><span class='ocrx_word' id='word_1_78' title='bbox 260 1403 404 1444; x_wconf 88' lang='lat' dir='ltr'>Heredi</span> <span class='ocrx_word' id='word_1_79' title='bbox 425 1406 624 1457; x_wconf 85' lang='lat' dir='ltr'>properet.</span> <span class='ocrx_word' id='word_1_80' title='bbox 651 1403 804 1446; x_wconf 87' lang='lat' dir='ltr'>Scilicet</span> <span class='ocrx_word' id='word_1_81' title='bbox 826 1403 1017 1459; x_wconf 86' lang='lat' dir='ltr'>improbae</span> 
     </span>
     <span class='ocr_line' id='line_1_20' title="bbox 207 1464 979 1512; baseline 0.001 -6"><span class='ocrx_word' id='word_1_82' title='bbox 207 1464 392 1506; x_wconf 90' lang='lat' dir='ltr'>Crescunt</span> <span class='ocrx_word' id='word_1_83' title='bbox 414 1466 582 1506; x_wconf 87' lang='lat' dir='ltr'>divitiae:</span> <span class='ocrx_word' id='word_1_84' title='bbox 603 1477 731 1507; x_wconf 89' lang='lat' dir='ltr'>tamen</span> <span class='ocrx_word' id='word_1_85' title='bbox 976 1509 979 1512; x_wconf 62' lang='grc'>,</span> 
     </span>
     <span class='ocr_line' id='line_1_21' title="bbox 259 1527 1067 1584; baseline 0.004 -16"><span class='ocrx_word' id='word_1_86' title='bbox 259 1527 394 1569; x_wconf 88' lang='lat' dir='ltr'>Curtae</span> <span class='ocrx_word' id='word_1_87' title='bbox 418 1527 548 1570; x_wconf 84' lang='lat' dir='ltr'>nescio</span> <span class='ocrx_word' id='word_1_88' title='bbox 573 1529 667 1583; x_wconf 87' lang='lat' dir='ltr'>quid</span> <span class='ocrx_word' id='word_1_89' title='bbox 691 1527 840 1584; x_wconf 88' lang='lat' dir='ltr'>semper</span> <span class='ocrx_word' id='word_1_90' title='bbox 867 1528 972 1570; x_wconf 86' lang='lat' dir='ltr'>abest</span> <span class='ocrx_word' id='word_1_91' title='bbox 998 1530 1067 1571; x_wconf 89' lang='lat' dir='ltr'>rei.</span> 
     </span>
    </p>
   </div>
   <div class='ocr_carea' id='block_1_3' title="bbox 525 1655 1148 1843">
    <p class='ocr_par' dir='ltr' id='par_1_3' title="bbox 525 1655 1148 1843">
     <span class='ocr_line' id='line_1_22' title="bbox 571 1655 1058 1723; baseline 0 0"><span class='ocrx_word' id='word_1_92' title='bbox 571 1655 822 1723; x_wconf 42' lang='lat' dir='ltr'><em>‘ODE</em></span> <span class='ocrx_word' id='word_1_93' title='bbox 879 1676 1058 1723; x_wconf 83' lang='lat' dir='ltr'><em>XXV.</em></span> 
     </span>
     <span class='ocr_line' id='line_1_23' title="bbox 525 1800 1148 1843; baseline -0.003 0"><span class='ocrx_word' id='word_1_94' title='bbox 525 1800 634 1843; x_wconf 91' lang='lat' dir='ltr'>AD</span> <span class='ocrx_word' id='word_1_95' title='bbox 697 1800 1148 1843; x_wconf 86' lang='lat' dir='ltr'>BACCHUM.</span> 
     </span>
    </p>
   </div>
   <div class='ocr_carea' id='block_1_4' title="bbox 1428 316 1484 403">
    <p class='ocr_par' dir='ltr' id='par_1_4' title="bbox 1428 316 1484 403">
     <span class='ocr_line' id='line_1_24' title="bbox 1428 316 1484 403; baseline 0.089 -5"><span class='ocrx_word' id='word_1_96' title='bbox 1428 316 1484 403; x_wconf 58' lang='lat'>45</span> 
     </span>
    </p>
   </div>
   <div class='ocr_carea' id='block_1_5' title="bbox 1431 672 1479 715">
    <p class='ocr_par' dir='ltr' id='par_1_5' title="bbox 1431 672 1479 715">
     <span class='ocr_line' id='line_1_25' title="bbox 1431 672 1479 715; baseline 0 -13"><span class='ocrx_word' id='word_1_97' title='bbox 1431 672 1479 715; x_wconf 73' lang='lat'>50</span> 
     </span>
    </p>
   </div>
   <div class='ocr_carea' id='block_1_6' title="bbox 1431 984 1478 1029">
    <p class='ocr_par' dir='ltr' id='par_1_6' title="bbox 1431 984 1478 1029">
     <span class='ocr_line' id='line_1_26' title="bbox 1431 984 1478 1029; baseline 0.021 -1"><span class='ocrx_word' id='word_1_98' title='bbox 1431 984 1478 1029; x_wconf 80' lang='lat'>55</span> 
     </span>
    </p>
   </div>
   <div class='ocr_carea' id='block_1_7' title="bbox 231 1918 1443 1975">
    <p class='ocr_par' dir='ltr' id='par_1_7' title="bbox 231 1918 1443 1975">
     <span class='ocr_line' id='line_1_27' title="bbox 231 1918 1443 1975; baseline 0.003 -16"><span class='ocrx_word' id='word_1_99' title='bbox 231 1921 277 1959; x_wconf 83' lang='lat' dir='ltr'>Se</span> <span class='ocrx_word' id='word_1_100' title='bbox 291 1918 436 1960; x_wconf 18' lang='lat' dir='ltr'>*Bacchi</span> <span class='ocrx_word' id='word_1_101' title='bbox 457 1919 616 1975; x_wconf 66' lang='lat' dir='ltr'>instinblu</span> <span class='ocrx_word' id='word_1_102' title='bbox 640 1920 832 1975; x_wconf 82' lang='lat' dir='ltr'>afflatuque</span> <span class='ocrx_word' id='word_1_103' title='bbox 853 1921 1089 1969; x_wconf 79' lang='lat' dir='ltr'>concitatum,</span> <span class='ocrx_word' id='word_1_104' title='bbox 1108 1935 1204 1961; x_wconf 80' lang='lat' dir='ltr'>nova</span> <span class='ocrx_word' id='word_1_105' title='bbox 1226 1922 1384 1974; x_wconf 69' lang='lat' dir='ltr'>quaedam</span> <span class='ocrx_word' id='word_1_106' title='bbox 1406 1922 1443 1963; x_wconf 66' lang='grc' dir='ltr'>δ’</span> 
     </span>
    </p>
   </div>
   <div class='ocr_carea' id='block_1_8' title="bbox 508 1982 1123 2036">
    <p class='ocr_par' dir='ltr' id='par_1_8' title="bbox 508 1982 1123 2036">
     <span class='ocr_line' id='line_1_28' title="bbox 508 1982 1123 2036; baseline 0.003 -15"><span class='ocrx_word' id='word_1_107' title='bbox 508 1982 674 2021; x_wconf 79' lang='lat' dir='ltr'>inaudita</span> <span class='ocrx_word' id='word_1_108' title='bbox 697 1983 736 2021; x_wconf 83' lang='lat' dir='ltr'>de</span> <span class='ocrx_word' id='word_1_109' title='bbox 761 1983 922 2036; x_wconf 79' lang='lat' dir='ltr'>Augusto</span> <span class='ocrx_word' id='word_1_110' title='bbox 943 1982 1123 2023; x_wconf 65' lang='lat' dir='ltr'>dicturum.</span> 
     </span>
    </p>
   </div>
   <div class='ocr_carea' id='block_1_9' title="bbox 196 2079 1263 2569">
    <p class='ocr_par' dir='ltr' id='par_1_9' title="bbox 294 2079 895 2134">
     <span class='ocr_line' id='line_1_29' title="bbox 294 2079 895 2134; baseline 0 -14"><span class='ocrx_word' id='word_1_111' title='bbox 294 2092 367 2121; x_wconf 87' lang='lat' dir='ltr'>uo</span> <span class='ocrx_word' id='word_1_112' title='bbox 397 2093 483 2127; x_wconf 82' lang='lat' dir='ltr'>me,</span> <span class='ocrx_word' id='word_1_113' title='bbox 507 2079 681 2128; x_wconf 87' lang='lat' dir='ltr'>Bacche,</span> <span class='ocrx_word' id='word_1_114' title='bbox 708 2081 812 2134; x_wconf 88' lang='lat' dir='ltr'>rapis</span> <span class='ocrx_word' id='word_1_115' title='bbox 837 2080 895 2120; x_wconf 88' lang='lat' dir='ltr'>tui</span> 
     </span>
    </p>

    <p class='ocr_par' dir='ltr' id='par_1_10' title="bbox 198 2140 1263 2257">
     <span class='ocr_line' id='line_1_30' title="bbox 254 2140 1263 2196; baseline 0 -14"><span class='ocrx_word' id='word_1_116' title='bbox 254 2142 440 2183; x_wconf 84' lang='lat' dir='ltr'>Plenum?</span> <span class='ocrx_word' id='word_1_117' title='bbox 469 2142 578 2195; x_wconf 87' lang='lat' dir='ltr'>Quae</span> <span class='ocrx_word' id='word_1_118' title='bbox 597 2155 784 2190; x_wconf 85' lang='lat' dir='ltr'>nemora,</span> <span class='ocrx_word' id='word_1_119' title='bbox 810 2155 911 2196; x_wconf 87' lang='lat' dir='ltr'>quos</span> <span class='ocrx_word' id='word_1_120' title='bbox 931 2155 1028 2196; x_wconf 87' lang='lat' dir='ltr'>agor</span> <span class='ocrx_word' id='word_1_121' title='bbox 1045 2141 1084 2182; x_wconf 90' lang='lat' dir='ltr'>in</span> <span class='ocrx_word' id='word_1_122' title='bbox 1103 2140 1263 2196; x_wconf 85' lang='lat' dir='ltr'>specus,</span> 
     </span>
     <span class='ocr_line' id='line_1_31' title="bbox 198 2203 835 2257; baseline -0.003 -12"><span class='ocrx_word' id='word_1_123' title='bbox 198 2203 331 2245; x_wconf 86' lang='lat' dir='ltr'>Velox</span> <span class='ocrx_word' id='word_1_124' title='bbox 356 2215 485 2244; x_wconf 89' lang='lat' dir='ltr'>mente</span> <span class='ocrx_word' id='word_1_125' title='bbox 513 2206 646 2245; x_wconf 86' lang='lat' dir='ltr'>nova?</span> <span class='ocrx_word' id='word_1_126' title='bbox 674 2203 835 2257; x_wconf 88' lang='lat' dir='ltr'>Quibus</span> 
     </span>
    </p>

    <p class='ocr_par' dir='ltr' id='par_1_11' title="bbox 202 2265 890 2369">
     <span class='ocr_line' id='line_1_32' title="bbox 253 2265 890 2320; baseline 0.003 -15"><span class='ocrx_word' id='word_1_127' title='bbox 253 2267 387 2306; x_wconf 87' lang='lat' dir='ltr'>Antris</span> <span class='ocrx_word' id='word_1_128' title='bbox 404 2266 549 2320; x_wconf 86' lang='lat' dir='ltr'>egregii</span> <span class='ocrx_word' id='word_1_129' title='bbox 569 2265 730 2308; x_wconf 85' lang='lat' dir='ltr'>Caesaris</span> <span class='ocrx_word' id='word_1_130' title='bbox 755 2267 890 2307; x_wconf 84' lang='lat' dir='ltr'>audiar</span> 
     </span>
     <span class='ocr_line' id='line_1_33' title="bbox 202 2328 761 2369; baseline 0 0"><span class='ocrx_word' id='word_1_131' title='bbox 202 2328 403 2369; x_wconf 86' lang='lat' dir='ltr'>AEternum</span> <span class='ocrx_word' id='word_1_132' title='bbox 431 2329 617 2369; x_wconf 87' lang='lat' dir='ltr'>meditans</span> <span class='ocrx_word' id='word_1_133' title='bbox 642 2330 761 2369; x_wconf 88' lang='lat' dir='ltr'>decus</span> 
     </span>
    </p>

    <p class='ocr_par' dir='ltr' id='par_1_12' title="bbox 196 2389 980 2506">
     <span class='ocr_line' id='line_1_34' title="bbox 251 2389 980 2431; baseline 0 -1"><span class='ocrx_word' id='word_1_134' title='bbox 251 2389 375 2430; x_wconf 78' lang='lat' dir='ltr'>Stellis</span> <span class='ocrx_word' id='word_1_135' title='bbox 397 2389 558 2430; x_wconf 89' lang='lat' dir='ltr'>inserere</span> <span class='ocrx_word' id='word_1_136' title='bbox 589 2391 631 2431; x_wconf 88' lang='lat'>&amp;</span> <span class='ocrx_word' id='word_1_137' title='bbox 658 2389 820 2430; x_wconf 79' lang='lat' dir='ltr'>consilio</span> <span class='ocrx_word' id='word_1_138' title='bbox 842 2389 980 2430; x_wconf 76' lang='lat' dir='ltr'>Jovis?</span> 
     </span>
     <span class='ocr_line' id='line_1_35' title="bbox 196 2450 864 2506; baseline 0.001 -13"><span class='ocrx_word' id='word_1_139' title='bbox 196 2450 338 2495; x_wconf 86' lang='lat' dir='ltr'>Dicam</span> <span class='ocrx_word' id='word_1_140' title='bbox 362 2452 528 2506; x_wconf 72' lang='lat' dir='ltr'>insigne,</span> <span class='ocrx_word' id='word_1_141' title='bbox 550 2466 684 2493; x_wconf 89' lang='lat' dir='ltr'>recens</span> <span class='ocrx_word' id='word_1_142' title='bbox 699 2484 710 2501; x_wconf 94' lang='lat'>‚</span> <span class='ocrx_word' id='word_1_143' title='bbox 740 2453 864 2494; x_wconf 86' lang='lat' dir='ltr'>adhuc</span> 
     </span>
    </p>

    <p class='ocr_par' dir='ltr' id='par_1_13' title="bbox 247 2513 1084 2569">
     <span class='ocr_line' id='line_1_36' title="bbox 247 2513 1084 2569; baseline 0 -13"><span class='ocrx_word' id='word_1_144' title='bbox 247 2516 433 2556; x_wconf 65' lang='lat' dir='ltr'>Indicium</span> <span class='ocrx_word' id='word_1_145' title='bbox 458 2528 529 2557; x_wconf 85' lang='lat' dir='ltr'>ore</span> <span class='ocrx_word' id='word_1_146' title='bbox 550 2516 640 2559; x_wconf 73' lang='lat' dir='ltr'>alio.</span> <span class='ocrx_word' id='word_1_147' title='bbox 666 2515 759 2556; x_wconf 88' lang='lat' dir='ltr'>Non</span> <span class='ocrx_word' id='word_1_148' title='bbox 783 2514 892 2557; x_wconf 88' lang='lat' dir='ltr'>secus</span> <span class='ocrx_word' id='word_1_149' title='bbox 919 2515 957 2555; x_wconf 92' lang='lat' dir='ltr'>in</span> <span class='ocrx_word' id='word_1_150' title='bbox 981 2513 1084 2569; x_wconf 81' lang='lat' dir='ltr'>jugis</span> 
     </span>
    </p>
   </div>
  </div>
 </body>
</html>
