1592 2898
325 216 828 274 'CARMINUM
891 224 1044 272 Lm.
1098 225 1133 270 1.
1318 238 1381 288 η

529 430 725 477 ODE
782 429 962 476 XXV.

406 577 578 620 ''AD
646 577 1013 620 LYDIAM.

206 718 362 772 Insulsat
382 719 416 760 εἱ
428 748 441 769 ,
473 723 571 774 quod
593 720 671 774 jam
705 721 844 769 vetula,
874 720 1013 774 victffim
1042 737 1067 761 a
1094 720 1276 774 juvenibus

616 803 862 831 contemnatur.

112 891 361 978 PARcms
395 921 547 974 junaas
571 908 757 977 quadum
781 923 965 966 fenestras

107 981 254 1024 Iffibus
271 984 417 1025 crebris
436 984 603 1037 juvenes
626 987 823 1039 protervi,

110 1043 196 1085 Nec
215 1044 288 1085 tibi
307 1043 465 1086 somnos
489 1046 664 1086 adimunt
675 1061 689 1095 ;
714 1058 895 1101 amatque

409 1108 533 1148 Janua
551 1107 669 1148 limen
685 1140 698 1158 ,

111 1209 222 1266 Quae
251 1213 357 1268 prius
377 1212 544 1253 multum
566 1212 685 1253 facilis
707 1213 893 1254 movebat
976 1249 989 1253 „
1359 1223 1380 1265 ς

109 1275 307 1318 cardines.
332 1275 453 1316 Audis
476 1276 606 1316 minus
624 1276 667 1316 δι
688 1276 816 1316 minus
843 1275 951 1328 jam:

113 1337 179 1376 Me
202 1347 264 1377 tuo
287 1337 410 1391 lgmgas
432 1349 588 1390 pereunte
612 1339 744 1385 maes,

406 1399 552 1451 Lydia,
580 1394 706 1439 donni}
719 1400 741 1438 ?

11 1548 15 1550 ‚
104 1501 280 1544 Invicem
308 1503 486 1544 moechos
509 1515 607 1544 anus
630 1512 857 1556 arrogantes

108 1561 236 1604 Flebis
258 1564 297 1604 in
320 1562 405 1604 solo
430 1564 527 1605 levis
547 1564 782 1617 angiportu,
1334 1575 1382 1604 ιο

106 1623 281 1667 Thracio
300 1625 512 1667 bacchante
541 1627 662 1679 magis
679 1625 750 1667 sub
770 1627 892 1668 inter-

403 1686 508 1726 lunia
540 1698 686 1728 vento:

108 1790 212 1832 Cum
234 1790 302 1831 tibi
324 1790 489 1844 flagrans
513 1803 646 1842 amor,
670 1791 713 1832 &
735 1791 854 1832 libido
867 1820 881 1839 ,

108 1854 219 1908 Quae
242 1852 338 1894 solet
362 1864 503 1893 matres
527 1852 668 1903 furiare
686 1867 879 1908 equorum
895 1884 909 1902 ‚

109 1915 254 1957 Saeviet
278 1915 374 1956 citra
395 1914 508 1967 jecur
529 1913 746 1956 ulcerosum
764 1928 775 1955 :
1335 1928 1380 1970 ¹5

402 1976 498 2017 Non
516 1975 596 2016 fine
615 1974 752 2030 questu
763 2005 778 2024 ‚

107 2082 215 2123 Laeta
234 2082 341 2136 quod
365 2083 488 2136 pubes
510 2082 652 2123 hedera
677 2082 818 2124 virenti

107 2142 287 2187 Gaudeat
315 2144 420 2198 pulla
443 2145 565 2199 magis
585 2156 701 2198 atque
726 2157 887 2198 myrto:

110 2204 249 2247 Aridas
268 2205 423 2248 frondes
446 2207 598 2248 Hiemis
617 2207 738 2248 sodali

404 2269 567 2312 Dedicet
588 2271 709 2314 Euro.
1332 2284 1384 2313 20
