<?xml version="1.0" encoding="UTF-8"?>
<!DOCTYPE html PUBLIC "-//W3C//DTD XHTML 1.0 Transitional//EN"
    "http://www.w3.org/TR/xhtml1/DTD/xhtml1-transitional.dtd">
<html xmlns="http://www.w3.org/1999/xhtml" xml:lang="en" lang="en">
 <head>
  <title>
</title>
<meta http-equiv="Content-Type" content="text/html;charset=utf-8" />
  <meta name='ocr-system' content='tesseract 3.04.00' />
  <meta name='ocr-capabilities' content='ocr_page ocr_carea ocr_par ocr_line ocrx_word'/>
</head>
<body>
  <div class='ocr_page' id='page_1' title='image "./operaadoptimased00horauoft_0029.png"; bbox 0 0 1592 2898; ppageno 0'>
   <div class='ocr_carea' id='block_1_1' title="bbox 71 218 1394 487">
    <p class='ocr_par' dir='ltr' id='par_1_1' title="bbox 71 218 1394 487">
     <span class='ocr_line' id='line_1_1' title="bbox 71 218 1394 299; baseline -0.007 -26"><span class='ocrx_word' id='word_1_1' title='bbox 71 290 75 293; x_wconf 16' lang='grc' dir='ltr'>η</span> <span class='ocrx_word' id='word_1_2' title='bbox 364 223 463 271; x_wconf 81' lang='lat' dir='ltr'>&#39;DE</span> <span class='ocrx_word' id='word_1_3' title='bbox 486 224 544 299; x_wconf 84' lang='lat' dir='ltr'>Q.</span> <span class='ocrx_word' id='word_1_4' title='bbox 568 221 850 270; x_wconf 82' lang='lat' dir='ltr'><em>HORATIO</em></span> <span class='ocrx_word' id='word_1_5' title='bbox 881 218 1135 269; x_wconf 73' lang='lat' dir='ltr'><em>FLACCOE</em></span> <span class='ocrx_word' id='word_1_6' title='bbox 1284 220 1394 266; x_wconf 69' lang='lat' dir='ltr'>xxr&#39;</span> 
     </span>
     <span class='ocr_line' id='line_1_2' title="bbox 126 305 1387 370; baseline -0.006 -11"><span class='ocrx_word' id='word_1_7' title='bbox 126 313 226 359; x_wconf 65' lang='lat' dir='ltr'>eiius</span> <span class='ocrx_word' id='word_1_8' title='bbox 236 311 326 368; x_wconf 89' lang='lat' dir='ltr'>IV,</span> <span class='ocrx_word' id='word_1_9' title='bbox 344 311 389 368; x_wconf 89' lang='grc'>6,</span> <span class='ocrx_word' id='word_1_10' title='bbox 407 309 876 358; x_wconf 79' lang='lat' dir='ltr'>animadverfionum.</span> <span class='ocrx_word' id='word_1_11' title='bbox 898 307 1028 355; x_wconf 87' lang='lat' dir='ltr'>Vide</span> <span class='ocrx_word' id='word_1_12' title='bbox 1050 307 1102 353; x_wconf 88' lang='lat' dir='ltr'>fis</span> <span class='ocrx_word' id='word_1_13' title='bbox 1121 305 1162 353; x_wconf 70' lang='grc' dir='ltr'>δε</span> <span class='ocrx_word' id='word_1_14' title='bbox 1179 305 1387 370; x_wconf 86' lang='lat' dir='ltr'>ejusdem</span> 
     </span>
     <span class='ocr_line' id='line_1_3' title="bbox 122 373 952 437; baseline -0.006 -14"><span class='ocrx_word' id='word_1_15' title='bbox 122 376 255 435; x_wconf 81' lang='lat' dir='ltr'>Junii</span> <span class='ocrx_word' id='word_1_16' title='bbox 273 375 493 437; x_wconf 86' lang='lat' dir='ltr'>Epistolas</span> <span class='ocrx_word' id='word_1_17' title='bbox 509 381 611 437; x_wconf 81' lang='lat' dir='ltr'>pag.</span> <span class='ocrx_word' id='word_1_18' title='bbox 630 390 655 434; x_wconf 85' lang='lat'>3</span> <span class='ocrx_word' id='word_1_19' title='bbox 676 374 768 434; x_wconf 89' lang='lat' dir='ltr'>seq.</span> <span class='ocrx_word' id='word_1_20' title='bbox 786 373 828 419; x_wconf 88' lang='lat' dir='ltr'>8c</span> <span class='ocrx_word' id='word_1_21' title='bbox 851 374 952 419; x_wconf 70' lang='grc' dir='ltr'>ι280.</span> 
     </span>
     <span class='ocr_line' id='line_1_4' title="bbox 193 437 1389 487; baseline -0.005 0"><span class='ocrx_word' id='word_1_22' title='bbox 193 441 369 487; x_wconf 89' lang='lat' dir='ltr'>Thorn.</span> <span class='ocrx_word' id='word_1_23' title='bbox 394 439 562 486; x_wconf 82' lang='lat' dir='ltr'>Treteri</span> <span class='ocrx_word' id='word_1_24' title='bbox 581 438 876 485; x_wconf 85' lang='lat' dir='ltr'>Posnanenfis</span> <span class='ocrx_word' id='word_1_25' title='bbox 893 437 1042 485; x_wconf 82' lang='lat' dir='ltr'>index</span> <span class='ocrx_word' id='word_1_26' title='bbox 1060 437 1279 483; x_wconf 88' lang='lat' dir='ltr'>omnium</span> <span class='ocrx_word' id='word_1_27' title='bbox 1302 452 1389 481; x_wconf 72' lang='lat' dir='ltr'>vo‹</span> 
     </span>
    </p>
   </div>
   <div class='ocr_carea' id='block_1_2' title="bbox 46 495 1387 563">
    <p class='ocr_par' dir='ltr' id='par_1_2' title="bbox 46 495 1387 563">
     <span class='ocr_line' id='line_1_5' title="bbox 46 495 1387 563; baseline -0.004 -12"><span class='ocrx_word' id='word_1_28' title='bbox 46 495 50 498; x_wconf 51' lang='grc'><strong>’</strong></span> <span class='ocrx_word' id='word_1_29' title='bbox 128 505 411 552; x_wconf 78' lang='lat' dir='ltr'>cabalorum</span> <span class='ocrx_word' id='word_1_30' title='bbox 430 504 479 549; x_wconf 90' lang='lat' dir='ltr'>in</span> <span class='ocrx_word' id='word_1_31' title='bbox 497 503 695 550; x_wconf 88' lang='lat' dir='ltr'>Horatio</span> <span class='ocrx_word' id='word_1_32' title='bbox 708 537 722 560; x_wconf 91' lang='lat'>‚</span> <span class='ocrx_word' id='word_1_33' title='bbox 740 502 919 563; x_wconf 90' lang='lat' dir='ltr'>prodiit</span> <span class='ocrx_word' id='word_1_34' title='bbox 936 501 1077 548; x_wconf 79' lang='lat' dir='ltr'>Antv.</span> <span class='ocrx_word' id='word_1_35' title='bbox 1101 516 1152 560; x_wconf 85' lang='lat'>15</span> <span class='ocrx_word' id='word_1_36' title='bbox 1165 502 1243 557; x_wconf 85' lang='lat'>76,</span> <span class='ocrx_word' id='word_1_37' title='bbox 1264 502 1290 546; x_wconf 83' lang='lat'>8</span> <span class='ocrx_word' id='word_1_38' title='bbox 1304 535 1319 556; x_wconf 87' lang='lat'>‚</span> <span class='ocrx_word' id='word_1_39' title='bbox 1346 499 1387 546; x_wconf 85' lang='lat' dir='ltr'>8c</span> 
     </span>
    </p>
   </div>
   <div class='ocr_carea' id='block_1_3' title="bbox 65 565 1390 1403">
    <p class='ocr_par' dir='ltr' id='par_1_3' title="bbox 65 565 1390 1403">
     <span class='ocr_line' id='line_1_6' title="bbox 130 565 1386 625; baseline -0.004 -10"><span class='ocrx_word' id='word_1_40' title='bbox 130 568 341 615; x_wconf 78' lang='lat' dir='ltr'>Francos.</span> <span class='ocrx_word' id='word_1_41' title='bbox 364 569 482 615; x_wconf 85' lang='lat'>1600</span> <span class='ocrx_word' id='word_1_42' title='bbox 497 603 511 625; x_wconf 88' lang='lat'>‚</span> <span class='ocrx_word' id='word_1_43' title='bbox 535 569 575 614; x_wconf 92' lang='lat'>8.</span> <span class='ocrx_word' id='word_1_44' title='bbox 595 569 719 614; x_wconf 88' lang='lat' dir='ltr'>Eum</span> <span class='ocrx_word' id='word_1_45' title='bbox 734 567 897 613; x_wconf 82' lang='lat' dir='ltr'>Romae</span> <span class='ocrx_word' id='word_1_46' title='bbox 922 567 973 612; x_wconf 91' lang='lat' dir='ltr'>in</span> <span class='ocrx_word' id='word_1_47' title='bbox 990 565 1264 612; x_wconf 88' lang='lat' dir='ltr'>adornando</span> <span class='ocrx_word' id='word_1_48' title='bbox 1283 565 1386 611; x_wconf 91' lang='lat' dir='ltr'>Ho-</span> 
     </span>
     <span class='ocr_line' id='line_1_7' title="bbox 128 629 1388 696; baseline -0.004 -16"><span class='ocrx_word' id='word_1_49' title='bbox 128 635 307 680; x_wconf 84' lang='lat' dir='ltr'>ratiano</span> <span class='ocrx_word' id='word_1_50' title='bbox 330 633 486 679; x_wconf 81' lang='lat' dir='ltr'>indice</span> <span class='ocrx_word' id='word_1_51' title='bbox 508 633 747 696; x_wconf 85' lang='lat' dir='ltr'>adjuverat</span> <span class='ocrx_word' id='word_1_52' title='bbox 769 633 979 678; x_wconf 89' lang='lat' dir='ltr'>Polonus</span> <span class='ocrx_word' id='word_1_53' title='bbox 999 629 1246 677; x_wconf 82' lang='lat' dir='ltr'>Stanislaus</span> <span class='ocrx_word' id='word_1_54' title='bbox 1268 630 1388 676; x_wconf 78' lang='lat' dir='ltr'>Dro-</span> 
     </span>
     <span class='ocr_line' id='line_1_8' title="bbox 128 694 1388 750; baseline -0.004 -6"><span class='ocrx_word' id='word_1_55' title='bbox 128 698 275 744; x_wconf 84' lang='lat' dir='ltr'>zinius</span> <span class='ocrx_word' id='word_1_56' title='bbox 298 699 347 744; x_wconf 89' lang='lat' dir='ltr'>in</span> <span class='ocrx_word' id='word_1_57' title='bbox 376 697 555 750; x_wconf 85' lang='lat' dir='ltr'>aedibus</span> <span class='ocrx_word' id='word_1_58' title='bbox 583 697 714 743; x_wconf 79' lang='lat' dir='ltr'>Hosti</span> <span class='ocrx_word' id='word_1_59' title='bbox 746 697 1010 742; x_wconf 84' lang='lat' dir='ltr'>Cardinalis.</span> <span class='ocrx_word' id='word_1_60' title='bbox 1040 697 1125 743; x_wconf 81' lang='lat' dir='ltr'>lue</span> <span class='ocrx_word' id='word_1_61' title='bbox 1152 695 1299 742; x_wconf 81' lang='lat' dir='ltr'>index</span> <span class='ocrx_word' id='word_1_62' title='bbox 1325 694 1388 740; x_wconf 84' lang='lat' dir='ltr'>ad</span> 
     </span>
     <span class='ocr_line' id='line_1_9' title="bbox 76 759 1387 826; baseline -0.003 -18"><span class='ocrx_word' id='word_1_63' title='bbox 76 772 81 774; x_wconf 88' lang='grc'><strong>’</strong></span> <span class='ocrx_word' id='word_1_64' title='bbox 127 763 315 826; x_wconf 82' lang='lat' dir='ltr'>paginas</span> <span class='ocrx_word' id='word_1_65' title='bbox 343 762 406 808; x_wconf 87' lang='lat' dir='ltr'>est</span> <span class='ocrx_word' id='word_1_66' title='bbox 435 762 652 808; x_wconf 87' lang='lat' dir='ltr'>editionis</span> <span class='ocrx_word' id='word_1_67' title='bbox 676 761 830 824; x_wconf 86' lang='lat' dir='ltr'>Lugd.</span> <span class='ocrx_word' id='word_1_68' title='bbox 864 761 983 818; x_wconf 83' lang='lat'>1576</span> <span class='ocrx_word' id='word_1_69' title='bbox 1012 760 1276 806; x_wconf 74' lang='lat' dir='ltr'>adornatus·</span> <span class='ocrx_word' id='word_1_70' title='bbox 1311 759 1387 817; x_wconf 90' lang='lat' dir='ltr'>Jo.</span> 
     </span>
     <span class='ocr_line' id='line_1_10' title="bbox 129 823 1389 882; baseline -0.004 -7"><span class='ocrx_word' id='word_1_71' title='bbox 129 827 232 875; x_wconf 85' lang='lat' dir='ltr'>Pet.</span> <span class='ocrx_word' id='word_1_72' title='bbox 262 826 415 875; x_wconf 84' lang='lat' dir='ltr'>Tanii.</span> <span class='ocrx_word' id='word_1_73' title='bbox 440 827 665 882; x_wconf 88' lang='lat' dir='ltr'>Romani,</span> <span class='ocrx_word' id='word_1_74' title='bbox 693 824 797 872; x_wconf 88' lang='lat' dir='ltr'>Soc.</span> <span class='ocrx_word' id='word_1_75' title='bbox 823 825 957 882; x_wconf 88' lang='lat' dir='ltr'>Jesu,</span> <span class='ocrx_word' id='word_1_76' title='bbox 986 825 1133 871; x_wconf 84' lang='lat' dir='ltr'>index</span> <span class='ocrx_word' id='word_1_77' title='bbox 1157 825 1208 871; x_wconf 85' lang='lat' dir='ltr'>in</span> <span class='ocrx_word' id='word_1_78' title='bbox 1236 823 1389 870; x_wconf 81' lang='lat' dir='ltr'>Hora-</span> 
     </span>
     <span class='ocr_line' id='line_1_11' title="bbox 130 889 1390 947; baseline -0.002 -11"><span class='ocrx_word' id='word_1_79' title='bbox 130 891 255 937; x_wconf 83' lang='lat' dir='ltr'>tium</span> <span class='ocrx_word' id='word_1_80' title='bbox 280 890 323 936; x_wconf 77' lang='lat' dir='ltr'>8c</span> <span class='ocrx_word' id='word_1_81' title='bbox 349 890 603 937; x_wconf 86' lang='lat' dir='ltr'>Boethium</span> <span class='ocrx_word' id='word_1_82' title='bbox 619 926 632 947; x_wconf 89' lang='lat'>,</span> <span class='ocrx_word' id='word_1_83' title='bbox 657 890 854 936; x_wconf 82' lang='lat' dir='ltr'>Mediol.</span> <span class='ocrx_word' id='word_1_84' title='bbox 889 891 1036 946; x_wconf 86' lang='lat'>1610,</span> <span class='ocrx_word' id='word_1_85' title='bbox 1069 891 1108 936; x_wconf 87' lang='lat'>8.</span> <span class='ocrx_word' id='word_1_86' title='bbox 1139 889 1257 935; x_wconf 84' lang='lat' dir='ltr'>Dan.</span> <span class='ocrx_word' id='word_1_87' title='bbox 1281 891 1390 936; x_wconf 82' lang='lat' dir='ltr'>Ave-</span> 
     </span>
     <span class='ocr_line' id='line_1_12' title="bbox 129 955 1388 1017; baseline -0.003 -15"><span class='ocrx_word' id='word_1_88' title='bbox 129 957 278 1002; x_wconf 84' lang='lat' dir='ltr'>manni</span> <span class='ocrx_word' id='word_1_89' title='bbox 297 955 654 1016; x_wconf 87' lang='lat' dir='ltr'>Brunopolitani</span> <span class='ocrx_word' id='word_1_90' title='bbox 677 955 924 1017; x_wconf 84' lang='lat' dir='ltr'>Hodegeta</span> <span class='ocrx_word' id='word_1_91' title='bbox 949 955 1230 1001; x_wconf 85' lang='lat' dir='ltr'>Horatianus</span> <span class='ocrx_word' id='word_1_92' title='bbox 1249 988 1262 1011; x_wconf 94' lang='lat'>,</span> <span class='ocrx_word' id='word_1_93' title='bbox 1286 969 1388 999; x_wconf 90' lang='lat' dir='ltr'>non</span> 
     </span>
     <span class='ocr_line' id='line_1_13' title="bbox 128 1019 1388 1083; baseline -0.003 -17"><span class='ocrx_word' id='word_1_94' title='bbox 128 1019 192 1066; x_wconf 81' lang='lat' dir='ltr'>ad</span> <span class='ocrx_word' id='word_1_95' title='bbox 238 1020 423 1082; x_wconf 75' lang='lat' dir='ltr'>paginas</span> <span class='ocrx_word' id='word_1_96' title='bbox 469 1020 702 1082; x_wconf 83' lang='lat' dir='ltr'>fingularis</span> <span class='ocrx_word' id='word_1_97' title='bbox 746 1019 988 1083; x_wconf 86' lang='lat' dir='ltr'>cujusdam</span> <span class='ocrx_word' id='word_1_98' title='bbox 1041 1019 1259 1065; x_wconf 86' lang='lat' dir='ltr'>editionis</span> <span class='ocrx_word' id='word_1_99' title='bbox 1274 1053 1288 1074; x_wconf 90' lang='lat'>,</span> <span class='ocrx_word' id='word_1_100' title='bbox 1331 1028 1388 1063; x_wconf 90' lang='lat' dir='ltr'>ut</span> 
     </span>
     <span class='ocr_line' id='line_1_14' title="bbox 129 1083 1390 1143; baseline -0.002 -13"><span class='ocrx_word' id='word_1_101' title='bbox 129 1084 335 1141; x_wconf 85' lang='lat' dir='ltr'>Treteri,</span> <span class='ocrx_word' id='word_1_102' title='bbox 365 1084 446 1130; x_wconf 92' lang='lat' dir='ltr'>sed</span> <span class='ocrx_word' id='word_1_103' title='bbox 469 1084 528 1130; x_wconf 88' lang='lat' dir='ltr'>ad</span> <span class='ocrx_word' id='word_1_104' title='bbox 559 1084 701 1131; x_wconf 84' lang='lat' dir='ltr'>libros</span> <span class='ocrx_word' id='word_1_105' title='bbox 726 1083 767 1130; x_wconf 79' lang='lat' dir='ltr'>Sc</span> <span class='ocrx_word' id='word_1_106' title='bbox 793 1083 1065 1140; x_wconf 77' lang='lat' dir='ltr'>versiculos,</span> <span class='ocrx_word' id='word_1_107' title='bbox 1094 1094 1239 1143; x_wconf 89' lang='lat' dir='ltr'>atque</span> <span class='ocrx_word' id='word_1_108' title='bbox 1267 1083 1390 1128; x_wconf 85' lang='lat' dir='ltr'>adeo</span> 
     </span>
     <span class='ocr_line' id='line_1_15' title="bbox 65 1146 1390 1209; baseline 0.002 -17"><span class='ocrx_word' id='word_1_109' title='bbox 65 1149 72 1156; x_wconf 84' lang='grc'><strong>’</strong></span> <span class='ocrx_word' id='word_1_110' title='bbox 131 1147 441 1209; x_wconf 82' lang='lat' dir='ltr'>quascunque</span> <span class='ocrx_word' id='word_1_111' title='bbox 483 1149 667 1195; x_wconf 84' lang='lat' dir='ltr'>Horatii</span> <span class='ocrx_word' id='word_1_112' title='bbox 706 1147 934 1193; x_wconf 86' lang='lat' dir='ltr'>editiones</span> <span class='ocrx_word' id='word_1_113' title='bbox 961 1146 1390 1196; x_wconf 22' lang='lat' dir='ltr'>*accommodatum</span> 
     </span>
     <span class='ocr_line' id='line_1_16' title="bbox 131 1212 1388 1268; baseline 0 -10"><span class='ocrx_word' id='word_1_114' title='bbox 131 1212 351 1259; x_wconf 87' lang='lat' dir='ltr'>omnium</span> <span class='ocrx_word' id='word_1_115' title='bbox 376 1213 719 1259; x_wconf 85' lang='lat' dir='ltr'>vocabulorum</span> <span class='ocrx_word' id='word_1_116' title='bbox 736 1213 927 1260; x_wconf 78' lang='lat' dir='ltr'>Iudicem</span> <span class='ocrx_word' id='word_1_117' title='bbox 953 1213 1146 1259; x_wconf 85' lang='lat' dir='ltr'>exhibet</span> <span class='ocrx_word' id='word_1_118' title='bbox 1160 1247 1174 1268; x_wconf 90' lang='lat'>‚</span> <span class='ocrx_word' id='word_1_119' title='bbox 1193 1212 1388 1258; x_wconf 84' lang='lat' dir='ltr'>Brunsv.</span> 
     </span>
     <span class='ocr_line' id='line_1_17' title="bbox 134 1275 1390 1337; baseline -0.002 -12"><span class='ocrx_word' id='word_1_120' title='bbox 134 1277 276 1332; x_wconf 77' lang='grc'>1667,</span> <span class='ocrx_word' id='word_1_121' title='bbox 310 1277 358 1322; x_wconf 88' lang='lat'>8.</span> <span class='ocrx_word' id='word_1_122' title='bbox 379 1277 451 1322; x_wconf 85' lang='lat' dir='ltr'>Ex</span> <span class='ocrx_word' id='word_1_123' title='bbox 474 1288 680 1337; x_wconf 87' lang='lat' dir='ltr'>utroque</span> <span class='ocrx_word' id='word_1_124' title='bbox 700 1277 986 1337; x_wconf 72' lang='lat' dir='ltr'>con&#39;npofitus</span> <span class='ocrx_word' id='word_1_125' title='bbox 1011 1277 1075 1323; x_wconf 90' lang='lat' dir='ltr'>est</span> <span class='ocrx_word' id='word_1_126' title='bbox 1092 1278 1146 1324; x_wconf 78' lang='lat' dir='ltr'>in</span> <span class='ocrx_word' id='word_1_127' title='bbox 1160 1277 1231 1322; x_wconf 86' lang='lat' dir='ltr'>ed.</span> <span class='ocrx_word' id='word_1_128' title='bbox 1247 1275 1390 1322; x_wconf 86' lang='lat' dir='ltr'>Bent-</span> 
     </span>
     <span class='ocr_line' id='line_1_18' title="bbox 130 1340 1390 1403; baseline -0.003 -13"><span class='ocrx_word' id='word_1_129' title='bbox 130 1340 278 1403; x_wconf 85' lang='lat' dir='ltr'>lejana</span> <span class='ocrx_word' id='word_1_130' title='bbox 294 1340 489 1387; x_wconf 84' lang='lat' dir='ltr'>Horatii.</span> <span class='ocrx_word' id='word_1_131' title='bbox 508 1341 682 1399; x_wconf 91' lang='lat' dir='ltr'>Jodoci</span> <span class='ocrx_word' id='word_1_132' title='bbox 702 1341 933 1402; x_wconf 77' lang='lat' dir='ltr'>Desmarez</span> <span class='ocrx_word' id='word_1_133' title='bbox 959 1341 1181 1387; x_wconf 83' lang='lat' dir='ltr'>Horatius</span> <span class='ocrx_word' id='word_1_134' title='bbox 1200 1342 1250 1386; x_wconf 91' lang='lat' dir='ltr'>in</span> <span class='ocrx_word' id='word_1_135' title='bbox 1271 1340 1358 1386; x_wconf 75' lang='lat' dir='ltr'>ufir</span> <span class='ocrx_word' id='word_1_136' title='bbox 1372 1375 1390 1398; x_wconf 89' lang='lat'><strong>,</strong></span> 
     </span>
    </p>
   </div>
   <div class='ocr_carea' id='block_1_4' title="bbox 130 1404 1462 1471">
    <p class='ocr_par' dir='ltr' id='par_1_4' title="bbox 130 1404 1462 1471">
     <span class='ocr_line' id='line_1_19' title="bbox 130 1404 1462 1471; baseline 0 -21"><span class='ocrx_word' id='word_1_137' title='bbox 130 1404 225 1452; x_wconf 83' lang='lat' dir='ltr'>five</span> <span class='ocrx_word' id='word_1_138' title='bbox 249 1405 512 1451; x_wconf 85' lang='lat' dir='ltr'>Horatianae</span> <span class='ocrx_word' id='word_1_139' title='bbox 540 1406 754 1466; x_wconf 85' lang='lat' dir='ltr'>phraseos</span> <span class='ocrx_word' id='word_1_140' title='bbox 783 1406 978 1467; x_wconf 85' lang='lat' dir='ltr'>puritas,</span> <span class='ocrx_word' id='word_1_141' title='bbox 1008 1406 1171 1466; x_wconf 85' lang='lat' dir='ltr'>copia,</span> <span class='ocrx_word' id='word_1_142' title='bbox 1201 1407 1389 1466; x_wconf 80' lang='lat' dir='ltr'>elegan-</span> <span class='ocrx_word' id='word_1_143' title='bbox 1458 1463 1462 1471; x_wconf 94' lang='lat'>.</span> 
     </span>
    </p>
   </div>
   <div class='ocr_carea' id='block_1_5' title="bbox 128 1469 1444 2569">
    <p class='ocr_par' dir='ltr' id='par_1_5' title="bbox 128 1469 1444 2569">
     <span class='ocr_line' id='line_1_20' title="bbox 128 1469 1389 1531; baseline -0.001 -14"><span class='ocrx_word' id='word_1_144' title='bbox 128 1469 222 1526; x_wconf 80' lang='lat' dir='ltr'>tia,</span> <span class='ocrx_word' id='word_1_145' title='bbox 246 1469 414 1521; x_wconf 72' lang='lat' dir='ltr'>Colon.</span> <span class='ocrx_word' id='word_1_146' title='bbox 446 1471 590 1529; x_wconf 85' lang='lat'>1648,</span> <span class='ocrx_word' id='word_1_147' title='bbox 620 1485 690 1517; x_wconf 78' lang='lat'>12.</span> <span class='ocrx_word' id='word_1_148' title='bbox 713 1469 863 1516; x_wconf 89' lang='lat' dir='ltr'>Andr.</span> <span class='ocrx_word' id='word_1_149' title='bbox 892 1470 1087 1516; x_wconf 80' lang='lat' dir='ltr'>Cramert&#39;</span> <span class='ocrx_word' id='word_1_150' title='bbox 1108 1471 1260 1531; x_wconf 86' lang='lat' dir='ltr'>praxis</span> <span class='ocrx_word' id='word_1_151' title='bbox 1282 1470 1389 1516; x_wconf 76' lang='lat' dir='ltr'>Ho-</span> 
     </span>
     <span class='ocr_line' id='line_1_21' title="bbox 128 1533 1389 1596; baseline 0 -16"><span class='ocrx_word' id='word_1_152' title='bbox 128 1533 303 1580; x_wconf 76' lang='lat' dir='ltr'>tatiana</span> <span class='ocrx_word' id='word_1_153' title='bbox 336 1534 552 1581; x_wconf 84' lang='lat' dir='ltr'>laudatur</span> <span class='ocrx_word' id='word_1_154' title='bbox 586 1551 612 1580; x_wconf 88' lang='lat' dir='ltr'>a</span> <span class='ocrx_word' id='word_1_155' title='bbox 641 1535 801 1581; x_wconf 90' lang='lat' dir='ltr'>Christ.</span> <span class='ocrx_word' id='word_1_156' title='bbox 830 1535 1038 1583; x_wconf 87' lang='lat' dir='ltr'>Daumio</span> <span class='ocrx_word' id='word_1_157' title='bbox 1070 1535 1120 1580; x_wconf 90' lang='lat' dir='ltr'>in</span> <span class='ocrx_word' id='word_1_158' title='bbox 1155 1535 1292 1596; x_wconf 86' lang='lat' dir='ltr'>Epist.</span> <span class='ocrx_word' id='word_1_159' title='bbox 1327 1534 1389 1581; x_wconf 87' lang='lat' dir='ltr'>ad</span> 
     </span>
     <span class='ocr_line' id='line_1_22' title="bbox 130 1596 1387 1663; baseline 0 -17"><span class='ocrx_word' id='word_1_160' title='bbox 130 1597 357 1646; x_wconf 83' lang='lat' dir='ltr'>Graefiurn</span> <span class='ocrx_word' id='word_1_161' title='bbox 392 1596 640 1653; x_wconf 64' lang='grc' dir='ltr'>Ριεὲὶοτεω</span> <span class='ocrx_word' id='word_1_162' title='bbox 667 1600 834 1646; x_wconf 86' lang='lat' dir='ltr'>scholae</span> <span class='ocrx_word' id='word_1_163' title='bbox 864 1599 1234 1663; x_wconf 76' lang='lat' dir='ltr'>Altenbur‘g.Jo.</span> <span class='ocrx_word' id='word_1_164' title='bbox 1252 1599 1387 1661; x_wconf 89' lang='lat' dir='ltr'>Bapt.</span> 
     </span>
     <span class='ocr_line' id='line_1_23' title="bbox 130 1662 1444 1726; baseline -0.001 -14"><span class='ocrx_word' id='word_1_165' title='bbox 130 1662 314 1723; x_wconf 76' lang='lat' dir='ltr'>Masculi</span> <span class='ocrx_word' id='word_1_166' title='bbox 341 1663 505 1726; x_wconf 88' lang='lat' dir='ltr'>Lyrica</span> <span class='ocrx_word' id='word_1_167' title='bbox 536 1663 790 1712; x_wconf 74' lang='lat' dir='ltr'>fiveOdae·</span> <span class='ocrx_word' id='word_1_168' title='bbox 809 1681 921 1710; x_wconf 88' lang='lat' dir='ltr'>cum</span> <span class='ocrx_word' id='word_1_169' title='bbox 957 1663 1241 1725; x_wconf 85' lang='lat' dir='ltr'>argumentis</span> <span class='ocrx_word' id='word_1_170' title='bbox 1274 1662 1388 1711; x_wconf 82' lang='lat' dir='ltr'>oda-</span> <span class='ocrx_word' id='word_1_171' title='bbox 1437 1674 1444 1694; x_wconf 81' lang='lat'><strong><em>¹</em></strong></span> 
     </span>
     <span class='ocr_line' id='line_1_24' title="bbox 130 1725 1389 1789; baseline 0.002 -17"><span class='ocrx_word' id='word_1_172' title='bbox 130 1742 267 1784; x_wconf 88' lang='lat' dir='ltr'>rum,</span> <span class='ocrx_word' id='word_1_173' title='bbox 284 1725 327 1773; x_wconf 85' lang='lat' dir='ltr'>8c</span> <span class='ocrx_word' id='word_1_174' title='bbox 348 1728 464 1774; x_wconf 84' lang='lat' dir='ltr'>ideis</span> <span class='ocrx_word' id='word_1_175' title='bbox 482 1729 744 1775; x_wconf 83' lang='lat' dir='ltr'>Horatianis</span> <span class='ocrx_word' id='word_1_176' title='bbox 759 1763 774 1786; x_wconf 87' lang='lat'>‚</span> <span class='ocrx_word' id='word_1_177' title='bbox 792 1729 946 1776; x_wconf 87' lang='lat' dir='ltr'>Duaci</span> <span class='ocrx_word' id='word_1_178' title='bbox 968 1731 1052 1789; x_wconf 78' lang='grc'>163</span> <span class='ocrx_word' id='word_1_179' title='bbox 1060 1746 1084 1787; x_wconf 85' lang='grc'><strong><em>5</em></strong></span> <span class='ocrx_word' id='word_1_180' title='bbox 1098 1764 1112 1786; x_wconf 85' lang='lat'>,</span> <span class='ocrx_word' id='word_1_181' title='bbox 1142 1744 1212 1777; x_wconf 80' lang='lat'>12.</span> <span class='ocrx_word' id='word_1_182' title='bbox 1233 1729 1291 1784; x_wconf 89' lang='lat' dir='ltr'>In</span> <span class='ocrx_word' id='word_1_183' title='bbox 1313 1731 1389 1775; x_wconf 88' lang='lat' dir='ltr'>lo·-</span> 
     </span>
     <span class='ocr_line' id='line_1_25' title="bbox 132 1794 1387 1855; baseline 0.002 -19"><span class='ocrx_word' id='word_1_184' title='bbox 132 1806 213 1836; x_wconf 84' lang='lat' dir='ltr'>cos</span> <span class='ocrx_word' id='word_1_185' title='bbox 235 1806 512 1840; x_wconf 87' lang='lat' dir='ltr'>communes</span> <span class='ocrx_word' id='word_1_186' title='bbox 534 1794 784 1840; x_wconf 87' lang='lat' dir='ltr'>Horatium</span> <span class='ocrx_word' id='word_1_187' title='bbox 802 1828 815 1850; x_wconf 91' lang='lat'>,</span> <span class='ocrx_word' id='word_1_188' title='bbox 839 1794 947 1840; x_wconf 76' lang='lat' dir='ltr'>utili</span> <span class='ocrx_word' id='word_1_189' title='bbox 966 1795 1160 1855; x_wconf 83' lang='lat' dir='ltr'>poeseos</span> <span class='ocrx_word' id='word_1_190' title='bbox 1178 1794 1387 1840; x_wconf 90' lang='lat' dir='ltr'>studiofis</span> 
     </span>
     <span class='ocr_line' id='line_1_26' title="bbox 131 1855 1387 1922; baseline 0.007 -22"><span class='ocrx_word' id='word_1_191' title='bbox 131 1855 355 1912; x_wconf 80' lang='lat' dir='ltr'>&#39;confilio‚</span> <span class='ocrx_word' id='word_1_192' title='bbox 382 1857 558 1920; x_wconf 67' lang='lat' dir='ltr'>digessit</span> <span class='ocrx_word' id='word_1_193' title='bbox 574 1858 664 1915; x_wconf 89' lang='lat' dir='ltr'>Jos.</span> <span class='ocrx_word' id='word_1_194' title='bbox 691 1860 913 1920; x_wconf 75' lang='lat' dir='ltr'>Langius,</span> <span class='ocrx_word' id='word_1_195' title='bbox 941 1858 1091 1922; x_wconf 88' lang='lat' dir='ltr'>Lugd.</span> <span class='ocrx_word' id='word_1_196' title='bbox 1130 1859 1250 1918; x_wconf 83' lang='lat'>1604</span> <span class='ocrx_word' id='word_1_197' title='bbox 1266 1891 1280 1914; x_wconf 87' lang='lat'><strong>‚</strong></span> <span class='ocrx_word' id='word_1_198' title='bbox 1304 1873 1387 1909; x_wconf 70' lang='lat'>123</span> 
     </span>
     <span class='ocr_line' id='line_1_27' title="bbox 130 1919 1392 1984; baseline 0.004 -20"><span class='ocrx_word' id='word_1_199' title='bbox 130 1919 205 1966; x_wconf 85' lang='lat' dir='ltr'>uti</span> <span class='ocrx_word' id='word_1_200' title='bbox 221 1920 474 1984; x_wconf 85' lang='lat' dir='ltr'>Virgilium</span> <span class='ocrx_word' id='word_1_201' title='bbox 490 1922 632 1967; x_wconf 90' lang='lat' dir='ltr'>Mich.</span> <span class='ocrx_word' id='word_1_202' title='bbox 652 1923 908 1970; x_wconf 73' lang='lat' dir='ltr'>Coissardus</span> <span class='ocrx_word' id='word_1_203' title='bbox 934 1940 961 1968; x_wconf 93' lang='lat' dir='ltr'>e</span> <span class='ocrx_word' id='word_1_204' title='bbox 979 1922 1084 1969; x_wconf 89' lang='lat' dir='ltr'>Soc.</span> <span class='ocrx_word' id='word_1_205' title='bbox 1095 1922 1206 1981; x_wconf 89' lang='lat' dir='ltr'>Jesu</span> <span class='ocrx_word' id='word_1_206' title='bbox 1219 1958 1233 1980; x_wconf 87' lang='lat'>,</span> <span class='ocrx_word' id='word_1_207' title='bbox 1251 1924 1392 1969; x_wconf 80' lang='lat' dir='ltr'>Paris.-</span> 
     </span>
     <span class='ocr_line' id='line_1_28' title="bbox 134 1984 1388 2052; baseline 0.004 -23"><span class='ocrx_word' id='word_1_208' title='bbox 134 1984 278 2047; x_wconf 82' lang='lat'>1683,</span> <span class='ocrx_word' id='word_1_209' title='bbox 313 1995 381 2032; x_wconf 77' lang='lat'>12.</span> <span class='ocrx_word' id='word_1_210' title='bbox 414 1987 707 2033; x_wconf 83' lang='lat' dir='ltr'>Emblemata</span> <span class='ocrx_word' id='word_1_211' title='bbox 728 1988 982 2035; x_wconf 84' lang='lat' dir='ltr'>Horatiana</span> <span class='ocrx_word' id='word_1_212' title='bbox 1006 2004 1119 2034; x_wconf 88' lang='lat' dir='ltr'>cum</span> <span class='ocrx_word' id='word_1_213' title='bbox 1145 1988 1388 2052; x_wconf 87' lang='lat' dir='ltr'>elegantis-</span> 
     </span>
     <span class='ocr_line' id='line_1_29' title="bbox 134 2048 1386 2114; baseline 0.007 -21"><span class='ocrx_word' id='word_1_214' title='bbox 134 2048 254 2094; x_wconf 72' lang='lat' dir='ltr'>simis</span> <span class='ocrx_word' id='word_1_215' title='bbox 282 2050 497 2097; x_wconf 86' lang='lat' dir='ltr'>iconibus</span> <span class='ocrx_word' id='word_1_216' title='bbox 519 2068 606 2098; x_wconf 82' lang='lat' dir='ltr'>aere</span> <span class='ocrx_word' id='word_1_217' title='bbox 627 2051 861 2114; x_wconf 88' lang='lat' dir='ltr'>descriptis</span> <span class='ocrx_word' id='word_1_218' title='bbox 887 2051 1039 2099; x_wconf 80' lang='lat' dir='ltr'>edidit</span> <span class='ocrx_word' id='word_1_219' title='bbox 1055 2053 1178 2101; x_wconf 77' lang='lat' dir='ltr'>Otto</span> <span class='ocrx_word' id='word_1_220' title='bbox 1195 2052 1386 2102; x_wconf 78' lang='lat' dir='ltr'>Vaenius</span> 
     </span>
     <span class='ocr_line' id='line_1_30' title="bbox 131 2110 1389 2177; baseline 0.005 -19"><span class='ocrx_word' id='word_1_221' title='bbox 131 2110 306 2172; x_wconf 64' lang='lat' dir='ltr'>pistor,</span> <span class='ocrx_word' id='word_1_222' title='bbox 325 2114 386 2161; x_wconf 82' lang='lat' dir='ltr'>ab</span> <span class='ocrx_word' id='word_1_223' title='bbox 412 2132 449 2160; x_wconf 85' lang='lat' dir='ltr'>a.</span> <span class='ocrx_word' id='word_1_224' title='bbox 481 2116 603 2163; x_wconf 83' lang='lat'>1610</span> <span class='ocrx_word' id='word_1_225' title='bbox 622 2115 891 2177; x_wconf 86' lang='lat' dir='ltr'>frequenter</span> <span class='ocrx_word' id='word_1_226' title='bbox 914 2117 1092 2174; x_wconf 82' lang='lat' dir='ltr'>recusa,</span> <span class='ocrx_word' id='word_1_227' title='bbox 1109 2133 1195 2163; x_wconf 89' lang='lat' dir='ltr'>nec</span> <span class='ocrx_word' id='word_1_228' title='bbox 1220 2117 1389 2165; x_wconf 84' lang='lat' dir='ltr'>Latine</span> 
     </span>
     <span class='ocr_line' id='line_1_31' title="bbox 131 2177 1386 2242; baseline 0.002 -16"><span class='ocrx_word' id='word_1_229' title='bbox 131 2177 307 2237; x_wconf 81' lang='lat' dir='ltr'>modo,</span> <span class='ocrx_word' id='word_1_230' title='bbox 331 2179 410 2224; x_wconf 91' lang='lat' dir='ltr'>sed</span> <span class='ocrx_word' id='word_1_231' title='bbox 439 2180 615 2227; x_wconf 76' lang='lat' dir='ltr'>Gallice</span> <span class='ocrx_word' id='word_1_232' title='bbox 638 2198 837 2242; x_wconf 89' lang='lat' dir='ltr'>quoque</span> <span class='ocrx_word' id='word_1_233' title='bbox 869 2181 911 2227; x_wconf 73' lang='lat' dir='ltr'>Sc</span> <span class='ocrx_word' id='word_1_234' title='bbox 930 2182 1207 2229; x_wconf 84' lang='lat' dir='ltr'>Germanice</span> <span class='ocrx_word' id='word_1_235' title='bbox 1236 2182 1386 2240; x_wconf 82' lang='lat' dir='ltr'>edita,</span> 
     </span>
     <span class='ocr_line' id='line_1_32' title="bbox 131 2243 1388 2308; baseline 0.006 -23"><span class='ocrx_word' id='word_1_236' title='bbox 131 2255 222 2289; x_wconf 81' lang='lat' dir='ltr'>nec</span> <span class='ocrx_word' id='word_1_237' title='bbox 247 2258 347 2288; x_wconf 90' lang='lat' dir='ltr'>non</span> <span class='ocrx_word' id='word_1_238' title='bbox 373 2243 555 2308; x_wconf 84' lang='lat' dir='ltr'>Belgice</span> <span class='ocrx_word' id='word_1_239' title='bbox 581 2245 623 2290; x_wconf 81' lang='lat' dir='ltr'>8c</span> <span class='ocrx_word' id='word_1_240' title='bbox 649 2246 923 2307; x_wconf 77' lang='lat' dir='ltr'>Hispanico,</span> <span class='ocrx_word' id='word_1_241' title='bbox 953 2263 1006 2293; x_wconf 91' lang='lat' dir='ltr'>ac</span> <span class='ocrx_word' id='word_1_242' title='bbox 1027 2246 1239 2307; x_wconf 84' lang='lat' dir='ltr'>denique</span> <span class='ocrx_word' id='word_1_243' title='bbox 1262 2247 1388 2294; x_wconf 76' lang='lat' dir='ltr'>Itali-</span> 
     </span>
     <span class='ocr_line' id='line_1_33' title="bbox 131 2306 1386 2375; baseline 0.006 -26"><span class='ocrx_word' id='word_1_244' title='bbox 131 2320 213 2362; x_wconf 86' lang='lat' dir='ltr'>ce,</span> <span class='ocrx_word' id='word_1_245' title='bbox 237 2306 488 2367; x_wconf 86' lang='lat' dir='ltr'>interprete</span> <span class='ocrx_word' id='word_1_246' title='bbox 512 2310 610 2356; x_wconf 87' lang='lat' dir='ltr'>Pet.</span> <span class='ocrx_word' id='word_1_247' title='bbox 642 2311 702 2356; x_wconf 89' lang='lat' dir='ltr'>de</span> <span class='ocrx_word' id='word_1_248' title='bbox 725 2309 1010 2368; x_wconf 63' lang='lat' dir='ltr'>BenediCfis,</span> <span class='ocrx_word' id='word_1_249' title='bbox 1034 2312 1221 2375; x_wconf 86' lang='lat' dir='ltr'>Ligure.</span> <span class='ocrx_word' id='word_1_250' title='bbox 1260 2312 1386 2358; x_wconf 87' lang='lat' dir='ltr'>Cum</span> 
     </span>
     <span class='ocr_line' id='line_1_34' title="bbox 129 2367 1386 2424; baseline 0.006 -10"><span class='ocrx_word' id='word_1_251' title='bbox 129 2367 331 2418; x_wconf 84' lang='lat' dir='ltr'>Pindaro</span> <span class='ocrx_word' id='word_1_252' title='bbox 349 2371 599 2420; x_wconf 82' lang='lat' dir='ltr'>Horatium</span> <span class='ocrx_word' id='word_1_253' title='bbox 626 2376 830 2423; x_wconf 87' lang='lat' dir='ltr'>contulit</span> <span class='ocrx_word' id='word_1_254' title='bbox 854 2376 1012 2424; x_wconf 86' lang='lat' dir='ltr'>Franc.</span> <span class='ocrx_word' id='word_1_255' title='bbox 1028 2376 1281 2423; x_wconf 84' lang='lat' dir='ltr'>Blondellus</span> <span class='ocrx_word' id='word_1_256' title='bbox 1305 2376 1386 2421; x_wconf 86' lang='lat' dir='ltr'>fin-</span> 
     </span>
     <span class='ocr_line' id='line_1_35' title="bbox 129 2435 1389 2504; baseline 0.007 -25"><span class='ocrx_word' id='word_1_257' title='bbox 129 2435 277 2496; x_wconf 87' lang='lat' dir='ltr'>gulari</span> <span class='ocrx_word' id='word_1_258' title='bbox 310 2436 619 2484; x_wconf 75' lang='lat' dir='ltr'>dissertatione</span> <span class='ocrx_word' id='word_1_259' title='bbox 647 2443 834 2504; x_wconf 85' lang='lat' dir='ltr'>vulgata</span> <span class='ocrx_word' id='word_1_260' title='bbox 853 2441 1055 2497; x_wconf 69' lang='lat' dir='ltr'>Gallice,</span> <span class='ocrx_word' id='word_1_261' title='bbox 1076 2440 1208 2487; x_wconf 85' lang='lat' dir='ltr'>Paris.</span> <span class='ocrx_word' id='word_1_262' title='bbox 1234 2442 1351 2500; x_wconf 81' lang='lat'>1673</span> <span class='ocrx_word' id='word_1_263' title='bbox 1368 2473 1389 2497; x_wconf 22' lang='lat'>‚1</span> 
     </span>
     <span class='ocr_line' id='line_1_36' title="bbox 135 2502 1390 2569; baseline 0.006 -25"><span class='ocrx_word' id='word_1_264' title='bbox 135 2513 191 2546; x_wconf 79' lang='lat'>12</span> <span class='ocrx_word' id='word_1_265' title='bbox 208 2513 223 2558; x_wconf 88' lang='lat'>‚·</span> <span class='ocrx_word' id='word_1_266' title='bbox 240 2510 383 2562; x_wconf 81' lang='lat' dir='ltr'>atque</span> <span class='ocrx_word' id='word_1_267' title='bbox 400 2502 511 2551; x_wconf 81' lang='lat' dir='ltr'>inde</span> <span class='ocrx_word' id='word_1_268' title='bbox 528 2503 716 2552; x_wconf 83' lang='lat' dir='ltr'>Amstel.</span> <span class='ocrx_word' id='word_1_269' title='bbox 736 2506 974 2569; x_wconf 85' lang='lat' dir='ltr'>docetque</span> <span class='ocrx_word' id='word_1_270' title='bbox 996 2505 1253 2552; x_wconf 79' lang='lat' dir='ltr'>Horatium</span> <span class='ocrx_word' id='word_1_271' title='bbox 1284 2521 1390 2559; x_wconf 55' lang='lat' dir='ltr'>rna-e</span> 
     </span>
    </p>
   </div>
  </div>
 </body>
</html>
