1592 2898
351 280 791 330 EPODON
855 282 1184 334 LIBER.

142 388 237 443 Nec,
246 385 487 444 vespertinus
509 389 780 445 circumgemit
806 389 920 433 ursus
938 391 1069 443 ovile,
1147 438 1157 444 ,

162 459 176 506 2
192 451 278 493 Nec
304 452 521 494 intumescit
547 453 624 493 alta
644 454 790 508 viperis
817 452 987 495 humus:

138 505 332 567 Pluraque
354 511 484 554 felices
508 513 760 563 mirabimur;
783 523 828 555 ut
849 526 980 568 neque
1003 514 1121 571 largis

192 573 378 628 Aquosus
400 574 529 616 Eurus
550 587 649 616 arva
671 576 780 616 radat
801 577 996 619 imbribus
1010 607 1025 627 ‚

136 633 294 690 Pinguia
315 649 387 679 nec
411 635 521 678 siccis
543 648 709 679 urantur
738 638 883 679 semina
910 638 1059 693 glebis,

189 699 412 755 Utrumque
433 711 526 754 rege
549 710 792 754 temperante
812 701 1005 743 coelitum.

134 758 229 802 Non
257 763 334 804 huc
352 764 495 817 Argoo
522 764 722 804 contendit
748 765 895 819 remige
922 765 1057 818 pinus,

189 825 329 880 Neque
352 827 548 880 impudica
568 827 730 868 Colchis
748 828 880 869 intulit
904 829 1067 883 pedem,

23 889 28 891 “
76 896 80 899 ’
130 883 226 926 Non
250 887 327 927 huc
351 887 497 928 Sidonii
520 886 715 928 torserunt
737 900 888 930 cornua
909 901 1066 940 nauta,

185 947 397 991 Laboriosa
420 962 493 992 nec
513 949 661 991 cohors
678 949 835 992 Ulixei:

131 1008 281 1066 [Nulla
301 1020 447 1052 nocent
466 1012 599 1066 pecori
622 1013 828 1066 contagia,
863 1013 1006 1056 nullius
1029 1013 1119 1055 astri

150 1098 151 1101 η
183 1069 356 1124 Gregem
380 1071 542 1114 aestuosa
564 1084 689 1115 torret
716 1076 983 1130 impotentia]

129 1129 307 1184 Iuppiter
331 1132 395 1173 illa
420 1135 495 1187 piae
518 1135 681 1176 secrevit
706 1136 820 1177 litora
842 1138 976 1191 genti,

185 1192 242 1233 Ut
263 1192 482 1247 inquinavit
507 1207 585 1236 aere
605 1208 757 1251 tempus
782 1210 970 1240 aureum:

130 1253 246 1302 AEoe,
269 1253 409 1296 dehinc
431 1254 536 1297 ferro
558 1256 713 1300 duravit
736 1257 889 1302 secula:
911 1273 1083 1321 quorum

185 1315 261 1358 Piis
282 1316 449 1361 secunda
468 1330 562 1363 vate
583 1335 648 1364 me
667 1323 784 1365 datur
802 1323 907 1379 fuga.

534 1482 573 1528 0
603 1482 652 1529 D
683 1483 729 1531 E
787 1486 984 1536 XVII.

360 1599 401 1640 A
439 1598 484 1642 D
563 1601 601 1644 C
642 1604 682 1645 A
725 1605 765 1646 Ν
809 1605 830 1646 1
873 1605 916 1648 D
959 1607 978 1649 l
1019 1607 1059 1649 A
1099 1608 1158 1651 M.

400 1713 503 1754 Fiaa
518 1716 736 1770 palinodia,
766 1719 879 1773 ipsam
897 1721 1003 1780 pejus
1023 1724 1107 1765 urit.

120 1777 233 1855 JAM
252 1809 331 1864 jam
362 1812 509 1855 efficaci
533 1815 585 1856 do
603 1828 744 1858 manus
766 1817 933 1860 scientiae

118 1869 289 1926 Supplex
303 1903 316 1922 ,
339 1872 382 1914 ὃ(
401 1887 478 1915 oro
497 1888 615 1929 regna
639 1890 708 1932 per
729 1878 993 1934 Proserpinae3

117 1930 191 1972 Per
208 1933 252 1974 δι
268 1932 410 1974 Dianae
430 1947 511 1979 non
535 1938 731 1979 movenda
751 1942 908 1981 numina
920 1973 934 1992 ,

116 1990 190 2034 Per
210 2005 326 2049 atque
344 1996 467 2038 libros
490 2000 706 2041 carminum
732 2003 951 2056 valentium

117 2050 262 2096 Defixa
283 2056 388 2098 coelo
416 2058 612 2101 devocare
636 2060 784 2113 sidera,

117 2114 300 2168 Canidia,
325 2131 444 2173 parce
465 2122 631 2164 vocibus
653 2126 810 2166 tandem
831 2126 948 2168 sacris
961 2157 977 2175 ,

115 2177 328 2235 Gmmque
351 2191 460 2223 retro
478 2182 590 2225 solve
602 2214 615 2234 ‚
635 2185 768 2236 solve,
791 2190 998 2238 turbinem.

115 2239 251 2282 Movit
273 2254 459 2296 nepotem
480 2242 681 2300 Telephus
703 2249 917 2301 Nereium‚

114 2299 162 2341 In
180 2295 297 2356 quem
320 2304 508 2359 superbus
527 2309 724 2352 ordinarat
747 2315 902 2367 agmina

114 2358 321 2414 Mysorum
338 2396 352 2414 ,
372 2368 415 2408 δι
440 2369 480 2408 in
500 2383 618 2423 quem
644 2373 721 2413 tela
749 2386 866 2416 acuta
884 2377 1060 2421 torserat.

113 2421 273 2466 Unxere
293 2440 433 2471 matres
452 2431 535 2472 Iliae
564 2434 757 2478 addiElum
781 2438 874 2480 feris
1115 2468 1119 2476 ι

111 2481 301 2534 Alitibus,
339 2499 455 2542 atque
472 2493 632 2535 canibus
656 2496 890 2539 homicidam
911 2500 1154 2557 Ηεᾶοτειιῐ,ἱ

109 2541 314 2600 Postquam
343 2550 482 2594 reliffls
507 2556 704 2601 moenibus
725 2571 794 2600 rex
821 2561 987 2615 procidit

218 2609 403 2654 Horatius.
1099 2626 1140 2670 K

1326 288 1419 354 1'45

1365 654 1415 698 55

1355 954 1413 998 60

1342 2398 1392 2428 10
