1592 2898
277 253 827 308 *CARMINUM
875 262 1043 334 Lm.
1100 264 1218 310 111.
1333 282 1415 316 101

150 366 276 409 Irritat
300 380 444 409 amnes.
468 367 536 409 llle
568 377 708 423 potens
733 369 790 410 sui

149 427 351 483 Laetusque
371 429 483 482 deget
497 461 510 479 ,
532 431 596 471 cui
619 432 710 472 licet
738 433 777 472 in
804 431 904 474 diem

199 488 370 538 Dixiss‘e,
394 490 514 531 Vixi:
542 503 626 531 cras
647 491 711 532 vel
739 501 825 532 atra
895 490 907 505 “

257 546 381 593 Nube'
399 551 533 606 polum
554 551 665 593 Pater
692 564 891 608 occupato
903 584 920 602 ,

150 655 227 697 Vel
252 655 330 697 sole
350 670 479 711 puro:
501 671 582 700 non
608 670 736 700 tamen
757 659 930 707 irritum,
1369 672 1422 715 45

149 716 431 772 Quodcunque
453 731 557 760 retro
580 719 654 768 est,
681 720 844 762 efficiet:
874 734 1002 776 neque

202 777 415 832 Diffinget‚
443 775 704 835 infectumque
731 782 884 830 reddet,

257 839 382 894 Quod
407 840 560 895 fugiens
584 841 699 884 semel
721 843 819 885 hora
844 844 969 886 vexit.
1041 890 1043 893 ¹

149 946 321 987 Fortuna
344 945 452 988 saevo
474 947 562 989 laeta
583 950 744 1003 negotio
759 981 771 997 ,
799 950 841 992 δι

148 1006 298 1048 Ludum
323 1007 547 1050 insolentem
574 1009 704 1050 ludere
723 1009 937 1064 pertinax,
1372 1023 1424 1068 50

202 1067 454 1109 Transmutat
476 1070 643 1109 incertos
669 1070 865 1118 honores,

254 1130 370 1170 Nunc
389 1130 502 1179 mihi,
529 1143 633 1171 nunc
655 1131 716 1171 alii
735 1132 915 1185 benigna.

151 1238 289 1279 [nudo
318 1250 558 1280 manentem:
583 1238 611 1279 fi
633 1239 776 1283 celeres
797 1240 922 1294 quatit

149 1301 315 1351 Pennas,
340 1301 492 1355 resigno
513 1314 602 1355 quae
624 1301 749 1351 dedit,
773 1301 814 1342 δι
836 1314 923 1342 mea

202 1361 358 1402 Virtute
375 1374 438 1401 me
458 1361 647 1412 involvo,
677 1362 920 1417 probamque
944 1406 949 1410 ,
1372 1377 1419 1421 55

251 1421 475 1476 Pauperiem
500 1422 579 1464 fine
601 1423 693 1464 dote
711 1436 861 1478 quaero.

147 1524 240 1566 Non
265 1524 319 1566 est
347 1538 502 1574 meum,
523 1526 553 1567 fi
577 1527 723 1581 mugiat
743 1527 888 1570 Africis

146 1588 278 1630 Malus
298 1590 501 1643 procellis,
525 1590 572 1631 ad
596 1590 751 1632 miseras
771 1605 909 1646 preces

199 1648 445 1699 Decurrere,
469 1650 512 1690 &
537 1652 641 1691 votis
663 1651 822 1705 pacisci,

253 1710 316 1751 Ne
338 1710 499 1765 Cypriae
523 1712 740 1767 Tyriaeque
760 1727 908 1756 merces
1361 1719 1419 1762 60

148 1814 301 1856 Addam
322 1828 445 1857 avaro
462 1817 614 1859 divitias
638 1820 747 1861 mari.

149 1877 256 1918 Tum
282 1891 370 1926 me,
394 1878 549 1920 biremis
569 1881 744 1934 praefidio
766 1882 945 1938 scaphae,

199 1938 349 1981 'rutum
368 1953 438 1994 per
459 1943 618 1995 AEgaeos
649 1944 838 1984 tumultus

255 1999 366 2041 Aura
391 2000 514 2052 feret,
534 2003 783 2061 geminusque
804 2005 957 2048 Pollux.

557 2189 753 2235 ODE
813 2178 997 2261 XXX.

364 2339 563 2381 carminum
581 2341 728 2394 suorum
752 2343 898 2398 gloriam
923 2357 1080 2388 aetemam
1102 2346 1194 2399 fore.

148 2441 322 2515 Extcl
345 2485 640 2518 monumentum
662 2492 740 2520 aere
763 2483 990 2536 perennius,

147 2533 362 2602 Reg'alique
384 2537 456 2582 litu
481 2543 727 2596 pyramidum
745 2545 881 2591 altius:

1076 2619 1116 2662 G
1147 2626 1170 2675 3'
