1592 2898
285 251 805 306 ‘SERMONUM
857 247 1007 296 LIB.
1054 246 1127 292 11.

82 365 133 407 Et
152 363 306 408 decedet
328 363 431 406 odor
452 361 583 403 nervis
602 359 804 407 inimicus3
825 368 864 398 at
885 357 950 398 illa

1 457 6 466 ..
80 427 279 480 Integrum
301 425 464 478 perdunt
490 423 571 462 lino
593 421 725 462 vitiata
750 418 936 473 saporem.

6 491 11 493 “
81 486 305 528 surrentina
327 484 438 528 vafer
455 484 527 538 qui
549 481 678 523 miscet
698 480 795 522 faece
814 479 973 520 Falerna

82 549 213 598 Vina,
243 547 471 591 columbino
497 536 631 585 limum
652 545 750 584 bene
774 542 925 596 colligit
947 553 1055 590 ovo;

0 646 2 648 ,
86 611 327 664 Quatenus
317 623 395 652 ima
417 597 511 664 petr
538 609 706 648 volvens
727 607 857 646 aliena
870 604 1042 645 vitellus.
1086 659 1089 661 -

2 710 6 714 ,
85 671 218 713 Tostis
239 681 472 713 marcentem
496 669 637 724 squillis
661 668 848 709 recreabis
872 667 914 707 &
937 665 1034 705 Afra

0 755 14 794 -κ,
84 733 265 775 Potorem
287 732 470 782 cochiea3
495 745 585 772 nam
609 730 757 772 lactuca
786 731 933 769 innatat
953 727 1035 768 acri

85 797 175 840 Post
197 798 331 838 vinum
356 795 582 838 stomacho:
607 807 724 849 perna
749 793 870 847 magis
890 791 1085 845 ac-magis
1110 788 1207 830 billis

16 858 19 859 ⁷
87 859 251 912 Flagirat
272 860 310 899 in
335 857 486 899 morsus
506 856 636 898 refici:
662 857 758 911 quin
776 855 908 896 omnia
926 854 1032 893 malit
1046 882 1060 900 ‚

90 921 353 975 Quaecunque
379 921 585 961 immundis
603 918 759 971 fervent
779 918 884 959 illata
905 917 1074 972 popinis.

0 971 4 1020 Ῐ
87 983 154 1025 Est
177 994 308 1039 operae
329 984 494 1037 pretium
519 982 680 1036 duplicis
705 980 933 1036 pernoscere
960 980 1056 1033 juris

89 1047 298 1088 Naturam:
320 1045 478 1099 simpiex
503 1057 527 1084 e
551 1045 652 1085 dulci
672 1044 821 1085 constat
849 1044 983 1091 olivo,

0 1158 2 1161 v
89 1110 216 1163 Quod
237 1109 371 1163 pingui
393 1108 549 1149 miscere
573 1121 687 1163 mero·
713 1108 912 1160 muriaque
943 1105 1120 1154 decebit,

90 1172 184 1213 Non
211 1171 282 1211 alia
306 1183 420 1225 quam
445 1183 525 1224 qua
545 1171 738 1222 Byzantia
760 1169 887 1222 putuit
909 1180 1013 1208 orca.

14 1243 30 1250 ²
90 1233 185 1273 Hoc
204 1232 273 1272 ubi
288 1230 490 1272 confusum
513 1229 620 1272 seais
641 1229 823 1270 inferbuit
846 1229 995 1274 herbis,

93 1292 355 1345 Corycioque
372 1304 492 1332 croco
506 1289 674 1344 sparsum
693 1290 812 1337 stetit,
842 1288 995 1341 insuper
1017 1286 1131 1327 addes

92 1353 225 1397 Pressa
238 1351 468 1394 Venafranae
493 1353 598 1406 quod
619 1352 737 1392 bacca
758 1349 898 1391 remisit
919 1349 1057 1390 olivae.

92 1414 240 1455 Picenis
265 1414 406 1456 cedunt
435 1414 560 1467 pomis
577 1412 758 1453 Tiburtia
777 1411 928 1462 succo,
916 1427 925 1436 ·

92 1475 196 1519 Nam
228 1475 324 1518 facie
353 1475 543 1529 praestant.
576 1472 782 1515 Venucula
806 1473 994 1514 convenit
1019 1471 1132 1520 ollis,

94 1521 256 1590 ⁴Rectius
276 1537 464 1579 Albanam
488 1537 600 1578 sumo
624 1537 822 1577 duraveris
841 1548 975 1576 uvam.

2 1615 8 1622 ·
94 1599 207 1640 Hanc
225 1612 302 1653 ego
324 1613 415 1640 cum
442 1600 572 1647 malis,
594 1612 672 1652 ego
700 1598 835 1640 faecem
858 1599 1006 1652 primus
1024 1596 1070 1636 δι
1087 1594 1218 1642 halec,

94 1659 246 1705 Primus
271 1661 514 1702 &invenior
540 1663 647 1716 piper
678 1662 838 1709 album‚-
861 1674 952 1701 cum
979 1659 1054 1700 sale
1081 1658 1195 1710 nigro

96 1722 313 1769 Incretum..
339 1725 443 1776 puris
480 1723 792 1777 circumposuisse
823 1723 972 1763 catillis.

11 1798 13 1802 ’
95 1783 272 1827 immane
297 1785 350 1825 est
379 1786 542 1834 vitium,
563 1786 650 1825 dare
676 1786 794 1825 millia
810 1797 919 1825 terna
942 1782 1129 1830 macello,

99 1845 359 1899 Angustoque
379 1859 500 1899 vagos
522 1846 639 1900 pisces
664 1859 802 1898 urgere
825 1847 968 1887 catino.

98 1904 243 1957 Magna
265 1917 400 1945 movet
420 1903 618 1946 stomacho
642 1905 808 1955 fastidia,
829 1907 893 1947 seu
919 1919 1017 1959 puer
1041 1904 1168 1945 unciis

99 1966 303 2007 ‘rraaavit
321 1967 477 2008 calicem
509 1968 713 2016 manibus,
737 1969 827 2010 dum
852 1968 956 2009 furta
983 1967 1160 2021 ligurrit3

102 2030 195 2072 Sive
217 2031 347 2084 gravis
374 2032 500 2071 veteri
521 2043 680 2072 craterae
699 2033 817 2073 limus
839 2031 1005 2072 adhaefit.

101 2092 259 2137 Vilibus
281 2093 319 2132 in
345 2092 491 2147 scopis,
521 2094 560 2134 in
588 2095 763 2148 mappis,
788 2096 826 2134 in
846 2095 986 2143 scobe,
1013 2103 1180 2147 quantus

101 2153 285 2195 Consistit
308 2154 478 2197 sumtus?
506 2156 709 2210 negleffis,
735 2156 920 2210 flagitium
949 2157 1095 2209 ingens.
1119 2179 1125 2183 -

103 2215 202 2255 Ten’
226 2215 370 2266 lapides
391 2217 525 2256 varios
546 2216 732 2258 lutulenta
755 2219 887 2259 radere
906 2218 1053 2272 palma,

104 2277 155 2317 Et
178 2277 324 2329 Tyrias
347 2277 438 2318 dare
462 2279 612 2320 circum
638 2280 745 2320 illota
767 2281 903 2321 toralia
925 2279 1072 2321 vestes?

104 2338 304 2386 oblitum,
327 2352 477 2392 quanto
505 2355 637 2382 curam
658 2339 908 2398 'sumtumque
929 2344 1123 2385 minorem

104 2399 219 2441 Haec
238 2400 423 2447 habeant,
455 2412 566 2443 tanto
596 2404 771 2456 reprendi
797 2403 935 2456 justius
956 2404 1052 2453 inis,

108 2462 220 2514 Quae
244 2459 521 2506 nifi'divitihus
532 2479 736 2518 nequeunt
759 2468 983 2521 contingere
1005 2467 1156 2509 menfis.
1170 2490 1217 2500 —
1237 2504 1242 2507 ,

106 2521 238 2566 Deae
256 2523 369 2573 Cati,
397 2538 465 2579 per
485 2527 687 2582 amicitiam
713 2527 918 2583 Divosque
941 2540 1131 2584 togatus,

1261 262 1348 309 203

1305 485 1351 530 55

1223 1417 1365 1460 ,7ο

1312 1724 1363 1769 75
