1592 2898
207 242 268 292 52
407 180 916 299 QHORATII
986 239 1286 292 FLAccl

202 333 308 373 Num
335 344 403 382 tu,
423 350 511 389 quae
536 339 661 379 tenuit
684 340 796 382 dives
816 342 1106 398 Achaemenes,
1158 378 1162 381 -

201 396 285 436 Aut
307 394 459 452 pin‘guis
477 400 918 457 PhrygiaeMygdonias
941 419 1064 462 opes,
1118 442 1122 445 .

199 456 424 501 Pei-mutare
447 461 542 502 veiis
564 463 667 504 crine
689 465 903 517 Licymniae
918 497 931 517 ,

498 525 631 567 Plenas
651 538 720 569 aut
737 529 923 572 ⁴Arabum
949 531 1109 578 domos:

195 637 304 679 Dum
338 640 541 695 flagrantia
567 643 773 698 detorquet
797 648 844 687 ad
867 648 1001 691 oscula
1416 668 1469 714 25

193 699 401 745 Cervicem
414 733 425 749 ,
452 716 518 744 aut
538 703 634 746 facili
651 706 810 762 *saevitia
830 721 967 763 negat,

193 761 303 816 Quae
333 764 514 819 poscente
541 769 663 821 magis
694 771 855 823 gaudeat
880 774 1002 828 eApi,

476 829 690 872 -Interdum
711 846 845 888 rapere
864 836 1064 891 occupet?

531 1019 636 1064 *⁷0
672 1015 720 1065 D
754 1021 798 1066 E
857 1023 1047 1071 XIII.
1092 1030 1097 1035 “

211 1161 298 1205 IN
353 1161 823 1217 ARBOREM,
877 1136 1151 1214 cusvs
1205 1171 1429 1223 c-Asu

297 1241 382 1283 IN
438 1243 677 1294 AGRO
730 1246 1064 1291 SABINO
1117 1249 1349 1299 PAENE

455 1325 956 1372 OPPREssus
1011 1332 1175 1377 EST.

175 1415 286 1489 ILLE
309 1444 349 1484 δι
378 1443 524 1486 nefasto
547 1456 587 1487 te
613 1445 744 1501 posuit
766 1447 854 1498 die,

175 1505 418 1559 Quicunque
440 1507 629 1559 primum,
653 1509 695 1549 δι
722 1508 905 1564 sacrilega
927 1524 1046 1554 manu
1126 1511 1136 1529 ·’

227 1567 437 1615 produxit,
461 1568 599 1616 arbos,
632 1569 670 1608 in
703 1582 891 1625 nepotum

279 1628 513 1679 Perniciem,
540 1630 881 1686 opprobriumque
908 1634 1013 1687 pagi.
1047 1656 1050 1658 ·
1113 1650 1124 1659 ’

141 1746 143 1748 ’
168 1737 283 1778 Illum
306 1738 347 1778 δι
372 1738 539 1792 parentis
566 1740 790 1781 crediderim
819 1740 877 1782 sui
899 1747 904 1751 ’
1058 1751 1062 1759 ·
1107 1756 1138 1769 -’
1255 1765 1258 1770 Α
1363 1770 1365 1772 -
1394 1742 1452 1805 ’ἅῖ

167 1798 332 1851 Foegiffe
358 1801 575 1849 cervicem,
601 1800 642 1841 &
669 1802 878 1855 penetralia
955 1824 957 1826 -
1116 1811 1120 1813 ’
1153 1810 1157 1812 ’
1335 1811 1338 1815 ’

220 1860 397 1915 Sparfiffe
422 1861 618 1903 noeiurno
639 1859 780 1904 cruore

272 1923 469 1979 Hospitis:
497 1925 560 1966 ille
579 1938 730 1967 venena
752 1925 934 1978 Colcha,'
1005 1952 1007 1954 -
1055 1950 1060 1957 ι

162 2035 212 2075 Et
240 2036 423 2090 quidquid
445 2034 605 2089 usquam
635 2035 855 2090 concipitur
873 2034 1006 2088 nefa33
1085 2034 1103 2067 -’

161 2097 383 2138 Τιέιέὶενὶκε
409 2111 504 2150 agro
529 2099 597 2151 qui
621 2098 751 2155 statuit
779 2112 870 2141 meo
1384 2117 1436 2149 ιο

176 2169 187 2208 ξ
206 2157 252 2198 ff
253 2170 276 2197 e
296 2157 398 2198 triste
418 2158 565 2210 lignum
581 2189 596 2205 ,
625 2171 663 2199 te
685 2161 874 2201 caducum

266 2219 313 2259 In
334 2218 480 2259 domini
508 2232 636 2273 caput
654 2221 903 2262 immerentis.

126 2354 127 2357 ¹
156 2336 270 2390 Quid
294 2335 458 2390 quisque
484 2338 609 2386 vitet,
641 2350 843 2391 nunquam
864 2338 1011 2378 homini
1034 2338 1123 2381 satis

153 2398 325 2440 Cautum
347 2398 402 2439 est
419 2429 429 2444 ‚
453 2399 493 2438 in
517 2400 642 2439 horas.
668 2400 814 2439 Navita
840 2400 1063 2453 Bosporum
1317 2431 1322 2434 -

206 2461 349 2503 Poenus
375 2461 807 2514 perhorrescit‚‘neque
832 2462 932 2504 ultra
1342 2494 1347 2498 .
1377 2479 1430 2523 15·

167 2531 181 2538 ⁶
202 2533 215 2541 “
258 2522 375 2565 Caeca
399 2525 508 2565 timet
531 2523 683 2565 aliunde
710 2522 787 2563 fata
800 2538 814 2573 ;
