1592 2898
215 271 279 335 76
389 246 483 339 Q.
550 267 922 316 HORATII
988 269 1294 318 FLACCI

214 375 395 417 Frustra:
426 389 515 416 nam
546 375 711 431 scopulis
732 375 883 417 surdior
902 376 1004 418 Icari

212 437 350 482 ,voces
373 437 479 478 audit
506 437 630 478 adhuc
657 438 818 492 integer.
845 439 923 488 At,
957 437 1026 479 tibi

267 499 330 540 Ne
350 500 503 540 vicinus
528 499 697 553 Enipeus
717 506 729 509 ‘⁴

323 560 411 600 Plus
435 558 539 613 justo
562 560 733 614 placeat,
757 574 853 602 cave
873 574 883 602 :

217 660 418 714 Quamvis
445 672 526 700 non
558 659 659 711 alius
685 659 839 701 fleaere
864 673 1010 714 equum
1033 659 1152 703 sciens
1437 670 1489 713 25

215 724 344 776 AEque
366 721 601 775 conspicitur
627 722 798 775 gramine
831 722 978 764 Martio
992 752 1009 770 ,

268 785 352 826 Nec
377 783 577 838 quisquam
609 785 710 825 citus
732 797 845 839 aeque

322 847 458 889 Tusco
478 848 631 889 denatat
659 847 790 905 alveo.

216 950 342 992 Prima
363 949 478 991 nocte
504 950 664 991 domum
694 949 855 991 claude:
880 961 1010 1003 neque
1034 948 1073 989 in
1097 945 1180 990 vias

219 1013 300 1054 Sub
324 1025 440 1055 cantu
466 1014 640 1067 querulae
669 1012 820 1068 despice
846 1012 978 1054 tibiae:
1439 1022 1490 1066 30

269 1074 317 1115 Et
345 1087 383 1116 te
403 1074 503 1130 saepe
523 1075 684 1117 vocanti

323 1137 479 1179 Duram
503 1138 665 1179 difficilis
689 1150 816 1179 mane.

645 1277 682 1322 ο
712 1276 832 1342 DIE
899 1275 1076 1322 VIII.

450 1400 584 1446 'AD
638 1403 1232 1446 MAECENATEM.

217 1494 475 1567 'Azlatron'alibus
485 1553 499 1571 ,
524 1536 597 1578 quae
615 1522 787 1564 KalenAEs
811 1533 907 1580 erant
926 1522 1073 1566 Martiis
1087 1554 1100 1572 ‚
1125 1538 1191 1577 quo
1213 1521 1266 1562 AEe
1280 1524 1325 1562 ab
1346 1520 1490 1564 immani

297 1586 429 1625 arboris
455 1585 555 1624 ruina
583 1585 687 1624 vivus
709 1580 881 1635 evaserat,
909 1595 1012 1638 atque
1037 1586 1080 1624 ob
1105 1599 1178 1624 eam
1205 1584 1346 1636 causam
1367 1599 1488 1625 annuo

293 1646 369 1700 jam
385 1648 455 1700 fibi
472 1645 583 1699 ftsto,
607 1647 830 1695 Maecenatem
849 1644 957 1698 fitam
979 1647 1030 1685 ad
1049 1646 1201 1687 hilariter
1217 1648 1313 1701 apud
1326 1645 1492 1706 fi'agen-

296 1710 379 1748 dum
403 1707 541 1748 invitat.

217 1794 453 1870 Munus
475 1822 616 1864 caelebs
636 1822 730 1877 quid
754 1835 866 1877 agam
897 1823 1110 1874 Kalendis3

219 1885 334 1940 Quid
356 1887 477 1928 velint
499 1886 615 1927 flores
629 1916 644 1933 ,
672 1887 715 1928 &
736 1898 869 1927 acerra
899 1887 996 1928 turis

218 1949 359 2000 Plena,
383 1949 558 1997 miraris,
587 1947 810 2003 positusque
839 1949 961 1991 carbo

522 2012 679 2067 Cespite
706 2012 804 2054 vivo
821 2042 833 2062 ,

219 2109 353 2151 Do&e
373 2109 568 2151 sermones
591 2108 792 2162 utriusque
813 2109 967 2164 linguae.
1477 2121 1497 2163 5

221 2168 430 2212 Voveram
457 2171 586 2211 dulces
606 2170 739 2223 epulas
763 2171 805 2212 &
829 2170 962 2211 album

221 2233 367 2274 Libero
390 2246 578 2288 caprum,
606 2245 731 2286 prope
759 2231 962 2273 funeratus

522 2295 689 2336 Arboris
713 2294 806 2335 ietu.

222 2393 302 2434 Hic
331 2392 411 2432 dies
434 2403 538 2432 anno
563 2390 746 2431 redeunte
773 2389 892 2431 festus
913 2412 915 2415 -

224 2453 427 2494 Corticem
460 2451 679 2493 adstriaum
708 2452 791 2504 pice
818 2450 1038 2492 dimovebit
1450 2459 1511 2488 xo
1570 2442 1578 2450 ’

224 2514 445 2569 Amphorae
472 2511 626 2554 fumum
659 2511 790 2551 bibere
821 2510 1002 2552 institutae

528 2572 698 2617 Consule
720 2572 855 2615 Tullo.
