1592 2898
178 270 243 319 72
395 253 459 323 Q,
514 251 880 301 HORATII
937 230 1245 303 FLAccl

178 357 272 399 Hoc
291 370 452 400 caverat
480 371 590 399 mens
609 359 774 413 provida
795 359 964 415 Reguli,

182 418 449 463 Diffentientis
475 420 768 461 conditionibus

232 480 383 529 Foedis,
409 482 452 522 δι
473 481 657 536 exemplo
680 482 847 529 trahenti,

289 541 500 584 Perniciem
530 545 689 585 veniens
710 545 749 585 in
775 558 906 588 aevum
918 575 935 595 ,

180 645 220 686 Si
245 658 327 686 non
351 646 498 700 periret
518 646 798 687 immiserabilis

179 707 351 761 Captiva
374 710 512 763 pubes.
534 709 648 763 Signa
671 723 749 763 ego
769 709 925 751 Punicis

234 768 377 810 Adfixa
397 770 588 818 delubris,
615 770 657 811 &
683 766 791 811 artha

200 830 202 833 ’
289 831 486 873 Militibus
506 832 585 873 fine
606 833 734 881 caede,
756 833 873 882 dixit,

179 936 354 992 Derepta
377 938 480 978 vidi:
509 938 589 978 vidi
611 951 687 992 ego
708 938 859 979 civium

182 998 351 1043 Retorta
384 1011 497 1054 tergo
520 1000 679 1041 brachia
699 1001 823 1041 libero
838 1029 852 1049 ,

233 1060 442 1114 Portasque
477 1075 558 1102 non
585 1060 755 1109 clausas,
781 1060 823 1102 &
843 1074 938 1103 arva

288 1125 417 1165 Marte
437 1124 514 1166 coli
537 1125 724 1180 populata
743 1123 890 1165 nostro.

184 1222 302 1265 Auro
329 1222 511 1276 repensus
531 1221 672 1264 scilicet
691 1222 819 1264 acrior

181 1283 302 1324 Miles
325 1284 472 1324 redibit.
499 1284 666 1338 Flagitio
689 1284 825 1324 additis

232 1345 449 1387 Damnum,
474 1346 615 1400 Neque
637 1345 791 1386 amiffos
815 1344 969 1386 colores

212 1422 219 1425 ·
286 1409 394 1449 Lana
421 1407 538 1450 refert
569 1409 758 1450 medicata
781 1406 900 1456 suco,

178 1515 264 1556 Nec
291 1528 385 1555 vera
405 1515 556 1562 virtus,
578 1528 666 1556 cum
692 1514 807 1556 semel
831 1513 999 1561 excidit,¹

179 1577 304 1619 Curat
325 1579 463 1632 reponi
489 1578 757 1619 deterioribus.

233 1639 274 1681 Si
298 1653 447 1695 pugnat
472 1641 659 1682 extricata
683 1640 806 1686 densis

287 1703 421 1744 Cerva
441 1703 583 1758 plagis:
611 1703 683 1744 erit
707 1704 769 1744 ille
795 1703 933 1753 fortis,

175 1796 266 1858 'Qui
301 1793 455 1851 perfidis
481 1795 521 1836 se
547 1796 708 1838 credidit
727 1795 929 1845 hostibus;

178 1859 229 1901 Et
254 1859 381 1899 Marte
406 1858 552 1900 Poenos
577 1868 750 1912 proteret
774 1857 923 1905 altero,

234 1919 322 1973 Qui
347 1919 433 1959 lora
456 1918 636 1961 restriffis
665 1918 818 1958 lacertis
848 1920 853 1925 “

286 1981 410 2023 δεηίίῐ
435 1983 557 2031 iners,
583 1981 788 2035 timuitque
813 1988 998 2022 mortem.

175 2080 278 2127 Hic,
312 2079 414 2120 unde
439 2079 558 2120 vitam
586 2078 777 2122 sumeret,
808 2075 974 2126 inscius,

175 2141 313 2185 Pacem
341 2142 471 2183 duello
500 2141 660 2182 miscuit.
684 2140 725 2182 O
748 2140 898 2195 pudor!

227 2205 270 2245 O
301 2217 442 2258 magna
463 2204 685 2258 Carthago,
709 2201 908 2258 probrosis

282 2268 417 2309 Altior
442 2267 563 2309 Italiae
592 2267 738 2308 ruinis!

172 2363 313 2408 Fertur
330 2362 479 2416 pudicae
500 2361 684 2416 conjugis
709 2359 888 2401 osculum
905 2387 917 2407 ‚

172 2424 399 2483 Parvosque
419 2436 533 2466 natos
546 2455 557 2473 ‚
582 2435 625 2464 ut
645 2422 782 2477 capitis
810 2422 938 2462 minor
952 2448 964 2470 ,

227 2487 293 2534 Ab
319 2485 356 2527 se
383 2485 615 2534 removssse,
639 2485 682 2525 &
710 2483 861 2525 virilem

280 2549 444 2597 Torvus
469 2549 577 2592 humi
601 2546 765 2604 posuiffe
792 2546 976 2592 vultum:

1413 498 1459 540 ¹5

1411 842 1463 872 20

1411 1232 1462 1274 25

1334 1895 1457 1976 ,⁸35
1518 1909 1541 1929 s'

1406 2271 1461 2312 40
