1592 2898
121 305 123 307 ι
204 231 303 292 v146
407 231 470 301 Q·
522 229 898 279 HoRATn
955 232 1257 283 FLAcm

202 340 373 395 (Heul)
396 340 609 394 pervicacis
628 340 676 381 ad
705 341 821 395 pedes
846 339 1022 390 Achillei.

203 401 339 444 Setosa
369 403 475 444 duris
491 415 639 443 exuere
664 402 830 456 pellibus

201 464 408 506 Laboriosi
437 465 602 519 remiges
626 464 782 513 Ulixei,

202 528 380 569 volente
403 527 542 584 Circe,
569 527 767 577 membra3
796 538 891 570 tunc
917 540 1048 576 mens,
1069 527 1112 571 &
1131 525 1250 570 sonus

203 588 421 643 Relapsus,
449 599 567 643 atque
589 599 710 630 notus
730 589 768 629 in
790 589 924 631 vultus
950 589 1094 632 honor.

203 649 310 692 Dedi
331 650 419 692 satis
439 649 633 705 superque
656 664 860 705 poenarum
883 650 978 699 tibi,

203 713 350 755 Amata
379 713 507 754 nautis
530 713 694 754 multum
715 712 758 754 &
779 711 1025 753 institoribus.

203 777 555 832 Fugitjuventas,
581 777 625 819 δι
648 776 893 818 verecundus
917 775 1030 818 color

204 840 380 895 Reliquit
405 840 485 882 offa
506 839 606 895 pelle
629 839 769 880 amffla
788 839 930 888 lurida;

204 903 306 944 Tuis
327 903 486 958 capillus
509 902 619 943 albus
646 901 701 943 est
721 901 922 943 odoribus.

204 964 370 1006 Nullum
390 978 413 1005 a
433 964 567 1004 labore
585 976 648 1004 me
668 963 829 1005 reclinat
851 963 1006 1004 otium:

205 1027 332 1081 Urget
356 1027 457 1068 diem
485 1039 591 1074 noir,
615 1025 657 1065 δι
675 1025 756 1065 dies
773 1023 960 1074 noaem3
986 1036 1115 1079 neque
1139 1022 1195 1066 est

204 1089 360 1131 Levare
383 1100 489 1130 tenta
518 1087 652 1143 spiritu
672 1087 903 1141 praeeordia.
1006 1084 1009 1088 ’

204 1150 314 1204 Ergo
340 1161 526 1204 negatum
550 1149 691 1190 vincor
717 1157 763 1189 ut
787 1147 942 1193 credam
971 1145 1113 1197 misen

206 1212 358 1254 Sabella
380 1211 516 1266 peRus
539 1211 737 1264 increpare
759 1210 951 1259 carmina,

205 1274 422 1329 Caputque
442 1272 569 1314 Marsa
594 1271 745 1313 diffilire
767 1272 909 1313 naenia.

206 1336 320 1391 Quid
343 1338 509 1392 amplius
526 1335 616 1378 vis?
640 1336 681 1377 Ο
703 1349 808 1376 mare
830 1335 873 1376 &
899 1337 1027 1376 terra!
1049 1334 1198 1385 ardeo,'

207 1399 422 1452 Quantum
443 1412 572 1454 neque
591 1409 679 1438 atro
700 1396 894 1438 delibutus
922 1397 1113 1439 Hercules

208 1461 315 1502 Neffi
342 1474 511 1509 cruore,
538 1472 611 1500 nec
635 1458 770 1500 Sicana
793 1457 942 1499 fervida
1167 1502 1171 1505 ,

209 1524 343 1565 Urens
366 1523 404 1562 in
426 1523 546 1562 AEtna
567 1521 736 1561 flamma.
761 1518 854 1568 Tu,
881 1519 1006 1560 donec
1031 1516 1129 1559 cinis

209 1583 414 1638 Injuriofis
435 1583 563 1623 aridus
585 1581 716 1623 ventis
739 1578 865 1629 ferar,

210 1651 328 1692 Cales
349 1648 510 1697 venenis
530 1646 689 1688 officina
711 1643 925 1686 Colchicis.

213 1714 325 1768 Quae
348 1711 460 1754 finis?
485 1720 554 1751 aut
576 1708 682 1763 quod
711 1720 774 1747 me
798 1716 928 1747 manet
951 1698 1203 1759 stipendium?

212 1777 372 1819 Effare:
406 1773 524 1828 juffas
550 1784 642 1813 cum
667 1769 743 1811 fide
766 1780 905 1823 poenas
932 1766 1063 1819 luam,

212 1838 375 1880 Paratus
398 1835 556 1888 expiare
571 1863 584 1881 ,
614 1831 679 1872 seu
711 1829 933 1884 poposceris

214 1899 388 1940 Centum
420 1896 636 1949 juvencos,
661 1892 743 1933 sxve
769 1891 942 1932 mendaci
969 1890 1061 1944 lyra

215 1962 344 2003 Voles
371 1959 526 2007 sonari;
555 1968 599 1998 tu
624 1955 783 2010 pudica,
804 1965 849 1995 tu
876 1953 1027 2006 proba,

215 2020 509 2065 Perambulabis
534 2018 632 2059 astra
659 2016 759 2057 fidus
785 2027 961 2055 aureum.

215 2082 380 2124 Infamis
404 2080 566 2120 Helenae
587 2078 728 2120 Castor
757 2075 929 2118 offensus
951 2076 1065 2126 vice,

219 2144 434 2195 Fraterque
456 2140 584 2193 magni
605 2138 775 2180 Castoris
789 2167 800 2187 ‚
828 2137 924 2178 νὶᾶὶ
944 2150 1079 2191 prece,

219 2206 388 2249 Ademta
412 2203 497 2243 vati
522 2201 716 2242 reddidere
740 2199 901 2257 lumina.

222 2271 273 2312 Et
294 2280 337 2309 tu
361 2268 501 2321 (potes
529 2265 647 2319 nam)
674 2264 783 2305 solve
811 2276 873 2304 me
893 2260 1110 2310 dementia,

220 2333 265 2375 Ο
289 2345 360 2372 nec
381 2331 550 2384 paternis
571 2329 746 2370 obsoleta
768 2327 967 2375 sordibus,

223 2396 311 2437 Nec
331 2394 371 2434 in
390 2392 573 2446 sepulcris
601 2404 815 2446 pauperum
841 2391 1008 2443 prudens
1024 2401 1121 2430 anus

224 2455 491 2499 Novendiales
515 2453 691 2508 diffipare
714 2453 911 2507 pulveres.v

226 2520 317 2561 Tibi
345 2516 536 2572 hospitale
562 2516 719 2572 pectus,
744 2515 786 2557 δι
812 2528 920 2570 purae
952 2525 1112 2563 manus,

1433 412 1484 458 ¹5

1433 721 1490 753 20

1436 1343 1489 1387 30

1440 1652 1492 1698 35

1439 2233 1549 2314 ‘⁴5'
