1592 2898
195 240 257 301 84
399 241 460 308 Q.
527 236 902 286 HoRATu
965 237 1266 286 FLAccl

190 350 300 392 Illam
330 348 435 402 cogit
453 361 564 388 amor
587 346 711 388 Nothi

246 411 417 452 Lascivae
446 409 606 450 ssmilem
632 408 763 449 ludere
785 419 959 461 capreae:

194 474 256 514 Te
279 472 377 512 lanae
399 484 522 526 prope
544 470 715 511 nobilem

246 533 393 576 Tonsae
420 534 645 582 Luceriam,
671 545 751 574 non
774 531 957 580 citharae,
986 531 1147 581 decent,·

194 597 277 639 Nec
298 596 373 636 flos
397 607 613 649 purpureus
638 592 762 642 rosae,
1409 602 1456 643 ις
1538 609 1542 613 >

248 660 333 702 Nec
356 659 462 715 poti,
487 657 684 706 vetulam,
710 655 806 698 faece
823 666 936 698 tenus
957 655 1057 697 cadi.

601 889 659 959 *0
690 887 736 934 D
770 887 813 933 E
874 886 1025 932 XVI.

450 1061 558 1104 AD
619 1054 1209 1101 MAECENATEM.

194 1223 301 1266 Auro
328 1220 400 1260 vim
432 1217 533 1271 inff
563 1216 781 1266 maximam,
803 1213 870 1268 sed
900 1227 977 1267 quae
1004 1211 1207 1266 poffidemes
1244 1208 1339 1264 ipsos
1374 1209 1463 1249 male

316 1284 466 1323 habeat.-
489 1280 533 1320 iis
558 1278 619 1332 ff
644 1278 768 1332 optime
780 1308 795 1326 ,
819 1276 880 1330 qui
899 1276 937 1315 in
963 1270 1198 1315 mediocritate
1221 1283 1343 1326 agunt.

196 1400 444 1474 INCLUSAM
463 1423 628 1464 Danaen
649 1421 768 1462 turris
794 1431 935 1467 aenea,

196 1485 588 1540 Robustaeque.fores
601 1515 611 1533 ‚
633 1483 673 1523 δι
694 1480 859 1535 vigilum
877 1492 1019 1520 canum

250 1550 396 1592 Tristes
416 1547 597 1589 excubiae
617 1545 835 1586 munierant
859 1541 944 1582 satis

305 1609 518 1651 Nofmrnis
539 1608 588 1647 ab
609 1605 819 1655 adulteris3

198 1728 239 1785 Si
265 1739 345 1768 non
371 1723 563 1767 Acrifium
577 1754 590 1771 ,
614 1720 778 1775 virginis
800 1718 939 1759 abditae
1444 1727 1464 1768 5

199 1788 409 1832 Custodem
437 1785 619 1841 pavidum
635 1815 647 1834 ,
675 1781 850 1836 Iuppiter
868 1780 910 1820 δι
933 1777 1072 1818 Venus

252 1850 448 1892 Rissss'ent:
479 1847 564 1888 fore
585 1847 689 1888 enim
710 1856 838 1886 tutum
864 1843 939 1883 iter
962 1840 1004 1882 δι
1029 1851 1162 1896 patens

305 1910 511 1954 Converso
535 1911 576 1951 in
599 1909 766 1964 pretium
791 1906 896 1947 Deo.

609 2001 618 2017 A

201 2038 356 2078 Aurum
380 2046 449 2087 per
475 2030 620 2072 medios
646 2029 701 2070 ire
726 2026 925 2076 satellites,

200 2100 249 2149 Et
272 2107 521 2150 perrumpere
543 2104 645 2134 amat
671 2091 758 2131 saxa
775 2090 971 2144 potentius
1423 2094 1472 2123 ω

254 2160 340 2201 lein
360 2158 560 2198 fulmineo.
589 2153 773 2196 Concidit
795 2151 956 2205 auguris

308 2219 449 2274 Argivi
470 2218 636 2265 domus,
665 2214 718 2255 ob
745 2213 920 2262 lucrum,

201 2334 394 2385 Demersa
413 2332 548 2375 exitio.
581 2330 733 2372 Diffidit
764 2327 917 2369 urbium

202 2399 340 2440 Portas
358 2398 422 2438 vir
445 2394 612 2435 Macedo
629 2424 641 2442 ‚
670 2394 711 2432 &
737 2390 888 2431 subruit
914 2388 1079 2430 aemulos

256 2461 386 2514 Reges
412 2457 646 2499 muneribus.
677 2456 845 2495 Munera
864 2453 1022 2494 navium
1426 2459 1472 2502 15

311 2523 450 2565 Saevos
474 2521 682 2575 illaqueant
705 2518 835 2559 duces,
1076 2534 1079 2538 ·
