1592 2898
397 213 867 264 CARMINUM
929 210 1079 259 Lm.
1131 213 1168 259 1.
1363 226 1418 276 23

589 362 796 409 ODE
856 363 977 410 XX.

411 489 520 531 AD
573 448 1164 530 MAECENATEM.

329 610 463 651 Invitat
484 624 558 650 eum
577 611 627 649 ad
648 607 842 649 convt'vt‘um
871 607 1006 647 minime
1022 605 1249 660 sumtuoficm.

160 695 327 767 Vur.
351 722 503 776 potabis
528 721 689 762 modicis
712 721 895 762 Sabinum

160 784 390 834 cantharis,
416 784 572 825 Graeca
594 783 700 837 quod
723 796 798 838 ego
818 783 898 838 ipse
919 783 1012 825 testa

162 847 375 889 Conditum
400 847 499 893 levi,
525 847 634 886 datus
655 846 693 886 in
715 847 869 887 theatro

461 907 566 949 Cum
588 907 657 947 tibi
677 905 856 961 plausus,

164 1019 270 1059 Care
297 1018 515 1066 Maecems,
538 1029 681 1070 eques,
710 1026 753 1056 ut
775 1016 924 1070 paterni
1415 1028 1434 1070 5

165 1080 350 1120 Fluminis
375 1081 493 1132 ripae,
515 1078 624 1119 fimul
648 1079 688 1118 &
716 1077 851 1129 jocosa

167 1141 360 1183 Redderet
379 1142 511 1181 laudes
536 1141 605 1180 tibi
632 1141 814 1180 Vaticani

467 1201 615 1241 Montis
648 1201 793 1254 imago.

171 1311 381 1352 Caecubam
408 1312 451 1352 δι
475 1310 598 1365 praelo
623 1310 810 1351 domitam
833 1309 984 1351 Caleno

171 1373 239 1413 Tu
265 1373 370 1414 bibes
396 1386 540 1414 uvam:
565 1386 652 1414 mea
677 1386 748 1414 nec
767 1373 941 1413 Falernae
1394 1383 1441 1415 ιο

169 1431 552 1493 Τειῃρεηιηίνίῐεε,
574 1451 702 1492 neque
724 1439 922 1479 Formiani

469 1500 622 1543 Pocula
641 1502 774 1543 colles.

608 1642 793 1688 ODE
853 1642 1014 1688 XXI.

298 1765 369 1805 IN
410 1764 706 1805 DIANAM
746 1764 832 1805 ET
871 1763 1316 1829 APOLLINEM.

203 1863 306 1904 Pueri
331 1864 366 1902 δ’
384 1864 505 1918 puellae
521 1864 562 1917 se
584 1865 766 1905 hortantur
792 1864 974 1911 invicem.
994 1867 1043 1904 ad
1065 1866 1279 1906 celebrandas
1299 1866 1417 1906 laudes

609 1929 801 1969 Diana-62
824 1928 1017 1981 Apotliniss

179 2001 409 2074 DxANAM
430 2038 572 2067 tenerae
594 2012 706 2066 dscste
735 2026 903 2079 virgines
921 2039 931 2067 :

177 2091 380 2134 Intonsum
396 2120 410 2138 ‚
434 2090 567 2144 pueri,
587 2089 700 2129 dicite
726 2089 945 2142 Cynthium
962 2105 971 2129 :

235 2155 501 2208 Latonamque
521 2153 703 2207 supremo

289 2215 477 2255 Dileaam
502 2215 652 2269 penitus
673 2215 780 2256 Jovi.

183 2324 272 2364 Vos
294 2321 419 2361 laetam
443 2321 571 2362 fluviis
596 2322 637 2363 δι
660 2334 866 2362 nemorum
887 2334 1024 2372 coma,
1430 2336 1450 2378 5

184 2383 448 2438 Quaecunque
471 2394 537 2423 aut
556 2383 682 2435 gelido
711 2384 904 2438 prominet
927 2384 1090 2438 Algido,

237 2443 370 2495 Nigris
396 2454 462 2482 aut
486 2443 714 2495 Erymanthi

294 2504 428 2553 Silvis,
451 2516 517 2545 aut
539 2507 671 2547 viridis
694 2507 836 2562 Gragi:
