1592 2898
220 213 313 262 208
430 214 923 285 Q.HORAT11
974 218 1284 266 FLACCI

218 318 365 373 Pingue
390 331 508 371 pecus
535 318 699 359 domino
726 318 868 367 facias,
894 320 936 361 δι
961 330 1088 361 cetera
1104 350 1114 369 ‚
1141 333 1281 374 praeter
1406 341 1426 358 x

220 378 457 434 Ingenium;
482 390 602 434 utque
628 380 754 431 soles,
775 380 905 422 custos
933 382 1028 422 mihi
1050 385 1239 425 maximus
1262 383 1369 425 adfis.
1447 395 1492 438 ις

220 441 327 494 Ergo
351 441 417 481 ubi
437 454 499 481 me
515 441 555 481 in
579 451 732 482 montes
754 442 796 483 8ι
818 443 861 483 'in
885 455 1011 483 arcem
1039 456 1090 485 ex
1118 445 1214 486 urbe
1235 446 1409 494 removi,

221 505 370 559 (Quid
404 506 508 560 prius
533 505 715 546 illustrem
746 506 903 558 Satiris,
926 506 1118 563 Musaque
1146 508 1360 561 pedestri?)

222 570 308 612 Nec
336 570 436 610 mala
464 583 525 610 me
553 569 714 610 ambitio
740 569 887 628 perdiu·
918 583 990 612 nec
1013 571 1217 625 plumbeus
1241 572 1407 622 Auster,

221 632 547 687 AuEtumnusque
571 634 729 686 gravis,
753 633 930 674 Libitinae
955 634 1123 689 quaestus
1148 636 1308 677 acerbae.

223 695 419 734 Matutine
444 706 574 746 pater,
607 693 672 735 seu
695 695 790 736 Iane
809 695 988 737 libentius
1016 697 1146 745 audis,
1446 708 1498 739 20

224 755 341 797 Unde
365 755 541 796 homines
573 768 737 808 operum
768 756 914 811 primos
943 757 1111 812 vitaeque
1137 759 1291 800 labores

223 816 454 865 Instituunt,
484 816 562 871 (fic
587 816 662 858 Dis
687 816 920 872 placitum,)
947 829 989 860 tu
1015 820 1197 861 carminis
1219 820 1302 862 esto

224 878 471 933 Principium.
496 878 638 919 Romae
659 878 883 933 sponsorem
903 893 965 922 me
987 883 1098 935 rapis.
1116 905 1162 913 —
1191 882 1286 934 Eia,

223 940 289 982 Ne
321 942 426 995 prior
451 941 583 982 officio
607 941 812 1000 quisquam
843 943 1094 997 respondeat,
1120 958 1241 999 urge:

223 1002 317 1044 Sive
342 1003 488 1057 Aquilo
510 1004 607 1044 radit
635 1015 779 1054 terras,
805 1005 871 1046 seu
897 1005 1033 1046 bruma
1057 1007 1230 1048 nivalem
1447 1017 1497 1061 25

225 1066 419 1108 Interiore
440 1067 539 1108 diem
564 1080 670 1121 gyro
695 1068 838 1116 trahit,
865 1069 920 1109 ire
942 1068 1089 1111 neceffe
1116 1069 1181 1111 est.
1197 1093 1242 1102 -—

203 1129 462 1184 Postmodo,
485 1130 591 1183 quod
615 1130 670 1169 mi
697 1129 824 1180 obsit,
847 1130 950 1172 clare
974 1126 1203 1187 certu‘mque
1228 1133 1365 1175 locuto
1379 1164 1395 1181 ,

226 1194 469 1235 Lufilandum
499 1194 539 1234 in
561 1195 702 1242 turba;
724 1193 895 1236 facienda
916 1194 1056 1248 injuria
1079 1197 1206 1237 tardis.
1227 1219 1273 1229 —

226 1257 341 1310 Quid
363 1257 447 1306 vis,
474 1255 628 1299 insane?
654 1256 696 1297 δι
716 1270 812 1310 quas
832 1270 892 1298 res
915 1258 996 1312 agis
1024 1259 1252 1313 improbus?
1281 1270 1394 1314 urget

226 1317 337 1360 lratis
357 1319 538 1373 precibus
553 1334 565 1368 3
591 1330 634 1359 tu
662 1318 786 1372 pulses
806 1333 924 1361 omne
951 1322 1057 1376 quod
1084 1322 1237 1370 obstat,
1452 1335 1502 1377 30

227 1381 292 1423 Ad
318 1381 574 1421 Maecenatem
595 1381 758 1420 memori
781 1379 809 1419 fi
844 1391 973 1422 mente
1005 1394 1195 1424 recurras.
1218 1406 1263 1414 —

227 1442 322 1484 Hoc
344 1442 480 1495 juvat,
506 1442 548 1482 δι
571 1442 672 1483 melli
699 1441 779 1491 est,
806 1454 886 1483 non
909 1444 1082 1484 mentiar.
1115 1445 1172 1484 At
1191 1443 1301 1486 sunu!
1325 1454 1427 1485 atras

228 1504 404 1545 Ventum
431 1503 485 1543 est
510 1502 717 1556 Esquilias,
741 1504 864 1544 aliena
887 1505 1044 1558 negotia
1067 1516 1223 1546 centum

228 1567 302 1608 Per
326 1576 443 1619 caput
469 1565 509 1605 δι
538 1564 642 1605 circa
667 1563 803 1604 saliunt
818 1564 939 1619 vlatus.
968 1564 1073 1604 Ante
1093 1563 1296 1606 secundam

230 1628 397 1671 Roscius
419 1628 558 1668 orabat
582 1626 653 1666 fibi
677 1626 819 1667 adeffes
847 1628 896 1666 ad
920 1626 1053 1668 Puteal
1076 1640 1172 1669 cras.
1455 1641 1501 1683 35

230 1693 297 1735 De
315 1706 358 1734 re
386 1691 590 1734 communi
616 1689 748 1731 scribae
771 1703 910 1744 magna
932 1703 1050 1746 arque
1075 1703 1183 1732 nova
1209 1701 1249 1732 te

228 1754 412 1797 Orabam
436 1754 549 1794 hodie
572 1751 826 1800 meminisses,
856 1751 1037 1806 Quinte,
1061 1752 1218 1793 reverti.

229 1818 431 1871 Imprimat
454 1816 534 1864 his,
558 1828 680 1862 cura,
706 1815 902 1855 Maecenas
925 1813 1031 1868 signa
1058 1813 1219 1855 tabellis.

231 1878 414 1925 Dixeris,
433 1875 638 1931 Experiar:
666 1875 704 1917 Si
727 1877 808 1926 vis,
833 1887 970 1929 poteS,
990 1876 1114 1924 addit,
1144 1876 1187 1917 δι
1209 1875 1333 1917 instat.

231 1943 424 1997 Septimus
442 1940 589 1981 oaavo
610 1939 772 1991 propior
793 1938 869 1990 jam
896 1938 1036 1991 fugerit
1064 1949 1212 1985 annus,
1454 1950 1507 1988 φ

230 2004 293 2047 Ex
319 2016 401 2058 quo
428 2003 621 2043 Maecenas
649 2014 710 2040 me
734 2000 852 2053 coepit
876 1999 1019 2054 habere
1046 1998 1208 2039 suorum

230 2064 277 2106 In
301 2078 491 2112 numero,
519 2063 717 2103 dumtaxat
743 2064 789 2103 ad
809 2063 908 2109 hoc,
933 2074 1049 2115 quem
1075 2061 1210 2103 tollere
1234 2059 1351 2101 rheda

231 2126 387 2174 Vellet,
411 2127 482 2166 iter
502 2124 672 2173 faciens,
698 2124 738 2165 &
763 2124 824 2165 cui
849 2123 1083 2165 concredere
1104 2134 1226 2176 nugas

232 2190 327 2232 Hoc
346 2202 494 2243 genus:
523 2190 634 2229 Hora
656 2195 780 2242 quota
801 2187 883 2228 est?
904 2187 1039 2228 Threx
1054 2184 1109 2226 est
1125 2183 1279 2226 Gallina
1292 2182 1398 2237 Syro
1414 2183 1506 2238 par?

233 2252 428 2293 Matutina
450 2265 588 2306 parum
614 2263 751 2292 cautos
767 2250 847 2303 jam
868 2249 1013 2303 frigora
1039 2250 1239 2289 mordent:
1453 2258 1503 2300 45

233 2316 284 2358 Et
306 2328 395 2369 quae
420 2314 559 2355 rimosa
579 2315 678 2355 bene
699 2314 950 2368 deponuntur
971 2312 1008 2351 in
1031 2324 1136 2351 aure.

234 2377 307 2419 Per
332 2388 461 2418 totum
478 2377 555 2416 hoc
573 2388 727 2429 tempus
756 2374 965 2427 subjectior
993 2373 1031 2413 in
1059 2374 1156 2414 diem
1188 2372 1230 2414 δι
1257 2372 1394 2414 horam

233 2441 407 2482 Invidiae.
441 2440 582 2481 Noster
607 2439 720 2480 ludos
749 2438 987 2492 spefilaverat
1012 2449 1115 2485 una;

233 2500 393 2544 Luserat
417 2502 456 2542 in
479 2514 646 2556 camp03
675 2500 861 2540 Fortunae
892 2497 992 2538 filius
1008 2512 1022 2547 ;
1051 2508 1199 2537 omnes.
