1592 2898
255 232 344 264 122
451 215 515 286 Q.
582 213 957 262 HORATII
1022 216 1327 264 FLACCI

249 323 358 364 Felix
380 321 467 376 post
492 321 674 363 Cinaram
689 352 701 371 ‚
727 333 903 376 notaque
926 322 967 364 δι
990 323 1136 365 artium

249 383 462 426 Gratarum
487 383 633 426 facies?
661 385 733 426 Sed
759 384 912 427 Cinarae
937 385 1078 429 breves

303 446 447 487 Annos
473 445 551 486 fata
579 447 766 487 dederunt
782 477 794 496 ‚

357 511 568 551 Servatura
588 511 652 553 diu
674 524 806 565 parem

249 612 430 654 Cornicis
449 612 596 652 vetulae
620 610 859 663 temporibus
880 611 1037 663 Lycen:
1250 605 1254 608 ”
1473 619 1520 660 25

247 673 402 715 Poffent
420 684 464 713 ut
481 673 647 726 juvenes
671 672 793 714 visere
821 673 982 723 fervidi,

235 733 250 750 ‘
303 736 437 778 Multo
465 749 544 777 non
570 736 649 776 sine
673 735 770 783 risu,

357 798 555 855 Dilapsam
579 799 619 840 in
641 799 787 843 cineres
811 796 947 840 facem.

602 956 873 1018 'ODE
933 971 1094 1018 XJV.

550 1116 660 1159 AD
714 1115 1224 1159 AUGUSTUM.

255 1250 383 1293 Tiberii
409 1250 589 1291 viHoriam
616 1252 657 1291 de
679 1252 815 1292 Rhaetis
842 1251 878 1292 δ’
911 1252 1106 1292 Vindelicis
1131 1252 1302 1301 celebrat,
1336 1251 1373 1293 6·
1395 1249 1527 1312 41ιῇήὲ

592 1315 659 1355 ciis
681 1315 835 1370 Augusti
857 1328 1036 1370 acceptam
1061 1315 1167 1369 refirt.

255 1402 417 1495 QUAE
441 1457 534 1485 cura
557 1444 712 1487 Parrum
728 1477 740 1495 ‚
760 1444 902 1499 quae³ve
922 1445 1184 1500 Quiritium,‘

250 1494 378 1547 Plenis
405 1506 603 1547 honorum
626 1509 850 1549 muneribus
871 1519 984 1559 tuas,

303 1567 507 1622 Auguste,
531 1571 697 1611 virtutes
720 1571 758 1610 in
778 1584 909 1612 aevum

360 1633 433 1674 Per
457 1634 594 1674 titulos
616 1631 886 1687 memoresque
906 1631 1027 1675 fastus

250 1734 454 1777 AEternet?
483 1748 535 1785 o,
561 1747 641 1789 qua
661 1733 717 1774 sol
737 1733 963 1774 habitabiles
1235 1775 1238 1777 ,
1339 1772 1341 1776 ⁴
1470 1742 1525 1786 νς

249 1797 416 1840 Illustrat
443 1810 559 1846 oras,
579 1797 747 1837 maxime
769 1797 1014 1849 principum:
1219 1835 1221 1839 Α
1319 1836 1322 1838 ,

309 1857 445 1912 Quem
466 1857 563 1911 legis
590 1868 768 1910 expertes
791 1857 937 1898 Latinae
1445 1876 1470 1902 ‚i

362 1920 557 1961 Vindelici
577 1920 744 1960 didicere
771 1931 917 1973 nuper,

253 2022 366 2076 Quid
391 2023 518 2063 Marte
543 2021 682 2077 posses.
708 2022 835 2063 Milite
862 2036 949 2063 nam
973 2032 1046 2065 tuo
1248 2066 1251 2067 γ

253 2085 406 2126 Drusus
424 2086 664 2136 Genaunes,
689 2085 934 2140 implacidum
960 2099 1109 2140 genus,
1403 2116 1414 2131 .·
1446 2109 1453 2113 „
1478 2098 1528 2133 ιο

309 2149 565 2203 Breunosque
587 2151 767 2200 veloces,
794 2151 837 2192 &
859 2163 965 2191 arces

304 2212 316 2216 ”
361 2210 529 2266 Alpibus
554 2211 753 2266 impositas
774 2212 982 2256 tremendis
997 2243 1010 2262 ,

252 2312 410 2365 Deiecit
435 2326 533 2353 acer.
554 2312 646 2353 Plus
672 2313 760 2354 vice
784 2312 946 2366 fimplici

254 2374 387 2427 Major
408 2375 610 2415 Neronum
637 2388 732 2415 mox
755 2388 876 2428 grave
908 2375 1091 2428 proelium
1334 2416 1337 2418 .
1519 2412 1521 2415 .

308 2437 538 2487 Commifit‚
563 2438 825 2493 immanesque
849 2439 1012 2480 Rhaetos
1139 2484 1142 2486 ,
1466 2453 1528 2497 -ις

343 2508 346 2510 ’
363 2501 564 2558 Auspiciis
585 2502 734 2558 pepulit
756 2501 954 2558 secundis3
