1592 2898
215 250 309 283 202
430 235 493 304 Q·
545 231 921 280 HoRATu
970 211 1278 281 FLACCI

214 340 254 381 Si
279 339 519 392 vespertinus
546 340 672 381 subito
698 351 736 380 te
762 338 991 394 opprefferit
1015 339 1179 395 hospes,

216 399 280 442 Ne
298 402 434 454 gallina
458 402 601 443 malum
625 401 822 455 responset
848 402 944 442 dura
971 401 1102 454 palato
1118 432 1132 451 ,

215 463 372 505 Do&us
390 465 465 504 eris
487 465 623 504 vivam
649 466 773 505 mixto
792 463 956 504 mersare
980 463 1169 505 Falerno:

215 525 310 566 Hoc
327 538 500 566 teneram
526 525 651 567 faciet.
686 526 927 567 Pratenfibus
949 526 1096 580 optima
1115 525 1243 580 fungis
1443 534 1498 566 20

217 588 371 631 Natura
394 590 471 631 est:
492 590 575 631 aliis
598 590 699 631 male
724 592 902 632 creditur.
926 589 996 631 Ille
1018 589 1186 631 salubres

214 653 382 694 AEstates
408 664 586 709 peraget,
612 655 680 708 qui
703 654 818 707 nigris
843 653 1000 708 prandia
1026 653 1147 693 moris

215 713 363 764 Finiet,
392 725 482 755 ante
508 728 668 767 gravem
692 729 782 769 quae
805 715 938 768 legerit
955 714 1095 755 arbore
1113 713 1246 755 solem.

216 776 402 819 Aufidius
426 776 519 817 forti
543 776 724 818 miscebat
746 778 858 818 mella
876 775 1068 824 Falerno,

220 839 436 890 Mendose3
460 842 646 895 quoniam
673 842 811 882 vacuis
833 841 1076 883 committere
1099 838 1210 879 venis
1445 844 1495 889 25

218 900 285 941 Nil
311 902 379 942 nisi
405 902 493 943 lene
520 903 651 944 decet:
677 903 752 944 leni
777 902 990 957 praecordia
1008 900 1135 943 mulso

218 963 414 1005 Prolueris
435 965 582 1006 melius.
607 966 645 1007 Si
666 966 761 1006 dura
778 966 996 1006 morabitur
1014 965 1128 1005 alvus
1146 995 1159 1015 ,

217 1025 385 1078 Mytilus
407 1027 449 1067 δι
471 1026 570 1066 viles
595 1026 740 1079 pellent
769 1026 958 1066 obstantia
984 1024 1149 1067 conchae
1165 1054 1179 1074 ‚

215 1087 266 1128 Et
291 1089 431 1141 lapathi
451 1089 581 1128 brevis
604 1088 751 1138 herba,
779 1088 841 1129 sed
869 1089 960 1130 albo
985 1101 1065 1129 non
1090 1087 1170 1128 sine
1195 1085 1301 1127 Coo·

217 1149 386 1191 Lubrica
409 1149 603 1190 nascentes
622 1150 782 1203 implent
810 1151 1018 1203 conchylia
1041 1150 1158 1190 lunae.
1447 1155 1498 1199 30

218 1212 292 1252 Sed
311 1225 390 1252 non
410 1225 530 1252 omne
549 1221 655 1252 mare
679 1212 732 1252 est
756 1211 951 1266 generosae
971 1211 1094 1252 fertile
1112 1209 1230 1252 tesiae.

217 1272 373 1314 Murice
397 1273 546 1326 Baiano
568 1274 705 1314 melior
726 1269 891 1315 Lucrina
908 1275 1076 1329 peloris:

214 1335 355 1377 Ostrea
378 1336 567 1389 Circejis‚
597 1336 751 1376 Miseno
783 1337 970 1376 oriuntur
997 1334 1148 1383 echini;

216 1397 435 1439 Pefflnibus
458 1398 596 1452 patulis
624 1397 742 1450 jaetat
768 1397 806 1439 se
830 1398 949 1439 molle
970 1397 1204 1439 Tarentum.

217 1462 306 1503 Nec
332 1463 400 1503 fibi
421 1476 621 1504 coenarum
644 1462 775 1517 quivis
802 1474 945 1503 temere
973 1471 1131 1515 arroget
1153 1464 1299 1508 artem‚‘
1447 1465 1491 1509 35

219 1524 316 1566 Non
342 1527 447 1578 prius
472 1526 605 1566 exa&a
623 1524 731 1565 tenui
754 1525 904 1565 ratione
926 1524 1121 1578 saporum.

219 1588 307 1630 Nec
328 1588 417 1630 satis
438 1589 493 1629 est
520 1602 609 1629 cara
630 1587 749 1640 pisces
771 1598 951 1627 averrere
974 1583 1103 1625 mensa
1116 1614 1130 1634 ,

216 1651 407 1704 Ignarum
430 1651 572 1705 quibus
598 1649 653 1691 est
678 1648 741 1701 jus
761 1648 913 1707 aptius,
934 1647 976 1687 δι
1001 1645 1144 1700 quibus
1165 1641 1251 1684 affis

194 1752 197 1755 ,
218 1714 443 1767 Languidus
466 1714 507 1753 in
532 1713 707 1754 cubitum
732 1711 810 1764 jam
836 1709 874 1750 se
897 1710 1069 1751 conviva
1096 1715 1274 1761 reponet.

218 1775 392 1822 Umber,
419 1775 461 1815 &
485 1775 602 1828 iligna
626 1774 794 1814 nutritus
821 1771 981 1825 glande,
1007 1770 1193 1810 rotundas
1445 1775 1497 1814 40

218 1837 372 1878 Curvet
392 1850 485 1891 aper
503 1837 632 1877 lances
656 1848 810 1876 carnem
834 1834 993 1874 vitantis
1020 1833 1208 1874 inertem:

218 1899 325 1944 Nam
342 1900 516 1940 Laurens
538 1898 662 1939 malus
685 1897 738 1938 est
752 1928 765 1947 ,
789 1896 893 1937 ulvis
917 1895 960 1936 &
979 1895 1168 1935 arundine
1187 1892 1350 1949 pinguis.

219 1962 348 2002 Vinea
373 1961 562 2002 submittit
586 1973 745 2014 capreas
767 1971 848 2000 non
873 1957 1023 2011 semper
1044 1956 1190 1997 edules.

219 2024 250 2065 F
256 2024 431 2064 oecundae
451 2023 595 2078 leporis
612 2021 762 2076 sapiens
781 2020 985 2062 sec-:tabitur
1011 2031 1155 2060 armos.
1463 2056 1479 2077 ζ,

219 2086 388 2128 Piscibus
413 2097 530 2140 atque
553 2085 692 2126 avibus
709 2097 799 2138 quae
821 2094 962 2123 natura
982 2081 1023 2121 &
1040 2080 1141 2121 foret
1154 2089 1254 2129 „aetas
1270 2109 1284 2128 ,
1446 2079 1497 2130 45

221 2148 328 2190 Ante
354 2161 482 2189 meum
510 2146 608 2187 nulli
631 2147 754 2200 patuit
779 2142 1148 2201 quaesita-palatum.
1488 2148 1490 2150 ’

221 2212 320 2253 Sunt
330 2242 342 2259 ,
357 2225 527 2266 quorum
546 2210 743 2264 ingenium
764 2220 872 2249 nova
887 2217 1034 2247 tantum
1051 2203 1217 2246 crustula
1232 2201 1387 2256 promit.

220 2272 487 2326 Nequaquam
505 2271 591 2312 satis
607 2273 647 2311 in
661 2284 703 2311 re
720 2282 800 2311 una
815 2266 1043 2309 consumere
1061 2277 1221 2306 curam:

221 2334 279 2375 Ut
302 2333 330 2373 fi
352 2334 442 2386 quis
467 2332 592 2373 solum
611 2333 712 2380 hoc,
739 2330 892 2372 malane
917 2327 988 2367 sint
1013 2328 1130 2376 vina,
1159 2327 1334 2372 laboret,

220 2396 347 2449 Quali
372 2394 575 2448 perfundat
600 2393 719 2448 pisces
744 2392 899 2433 securus
918 2390 1042 2430 olivo.
1453 2394 1504 2439 50

217 2457 383 2499 Maffica
402 2457 431 2498 si
453 2457 556 2498 coelo
583 2456 779 2510 supponas
802 2455 896 2494 vina
921 2452 1082 2499 sereno,
1241 2505 1246 2511 Ι

219 2519 427 2563 Νοᾶιιῐηε
438 2551 451 2573 ,
478 2519 507 2561 si
529 2519 622 2574 quid
640 2517 748 2562 craffi
769 2515 848 2565 est,
870 2516 1095 2558 tenuabitur
1118 2526 1209 2556 aura
1223 2543 1238 2565 ,
