1592 2898
216 241 309 290 174
405 227 466 297 Q.
532 227 916 277 HoRAT11
981 230 1290 282 FLACCI

211 330 441 372 Ambitione
459 333 609 386 procul.
638 333 804 376 Felicem
830 335 955 378 dicere
978 350 1059 380 non
1083 339 1160 382 hoc

210 395 280 435 Me
303 394 472 449 possum,
494 395 584 437 casu
605 398 713 451 quod
740 410 778 439 te
800 398 957 441 sortitus
981 402 1173 444 amicum:

209 456 326 496 Nulla
345 457 486 497 etenim
510 458 603 498 mihi
634 469 671 499 te
699 457 782 500 fors
807 459 976 503 obtulit:
1004 464 1178 518 optimus
1197 465 1292 506 olim

210 518 395 573 Virgilius
408 550 420 567 ‚
451 518 538 574 post
561 521 666 560 hunc
681 521 849 572 Varius,
869 523 1002 566 dixere
1022 526 1114 582 quid
1129 526 1256 570 effem.
1431 538 1477 582 55

211 583 267 625 Ut
297 584 390 626 .veni
413 598 546 625 coram
563 616 578 633 ,
595 584 788 639 fingultim
821 600 945 640 pauca
971 589 1146 638 locutus,

211 645 373 700 (Infans
397 659 565 700 namque
588 647 715 701 pudor
741 650 978 708 prohibebat.
998 652 1109 706 plura
1139 653 1313 708 profari)
1345 647 1348 650 ⁴

153 751 155 753 ,
181 742 185 745 .
209 709 303 750 Non
324 723 400 764 ego
423 724 485 751 me
511 711 618 752 claro
643 722 778 753 natum
812 726 941 767 patre,
967 729 1047 757 non
1074 730 1151 772 ego
1175 718 1323 759 circum

209 772 279 814 Me
304 773 538 827 Satureiano
569 775 714 816 veEiari
737 790 826 817 rura
850 777 1025 827 caballo,

209 835 282 876 Sed
302 837 409 890 quod
431 849 561 887 eram,
591 850 733 879 narro·
759 839 990 892 respondes,
1010 852 1055 883 ut
1078 853 1168 884 tuus
1190 843 1372 893 estmos,
1425 842 1479 884 60
1549 863 1551 865 ·

208 896 360 938 Pauca·
386 899 508 947 abeo;
537 899 580 939 &
607 913 772 942 revocas
793 914 902 944 nono
928 903 1015 957 post
1042 905 1200 953 mense,
1225 904 1413 959 jubesque

128 993 131 997 .
205 956 294 999 Effe
319 959 360 998 in
386 959 601 1000 amicorum
623 973 806 1002 numero.
837 963 1026 1017 Magnum
1055 965 1132 1006 hoc
1154 979 1229 1019 ego
1247 967 1375 1015 duco,

209 1021 339 1074 Quod
364 1021 492 1076 placui
512 1022 610 1069 tibi,
637 1021 705 1076 qui
728 1025 833 1095 turpi
855 1024 1018 1066 secernis
1049 1026 1278 1096 honestum3

207 1084 309 1125 Non
328 1095 437 1138 patre
457 1083 671 1138 praeclaro,
699 1084 761 1126 sed
785 1087 867 1127 vita
897 1087 938 1127 δι
962 1087 1120 1142 pe&ore
1142 1088 1278 1143 puros

199 1147 333 1200 'Atqui
357 1146 384 1186 si
410 1146 511 1186 vitiis
533 1146 816 1196 mediocribus,
849 1161 894 1189 ac
914 1161 1000 1189 mea
1024 1150 1156 1201 paucis
1426 1151 1477 1205 65

206 1207 395 1250 Mendosa
423 1205 477 1247 est
502 1218 663 1254 natura,
689 1208 835 1262 alioqui
866 1208 996 1258 reeta,
1023 1210 1162 1264 (velut
1181 1209 1210 1251 fi

208 1272 377 1327 Egregie
400 1269 587 1324 inspersos
620 1272 828 1324 reprendas
854 1284 1023 1326 corpore
1043 1273 1208 1327 naevos)
1281 1271 1283 1274 ’

206 1333 249 1374 Si
270 1347 396 1387 neque
417 1334 616 1373 avaritiam
633 1363 646 1381 ‚
670 1345 797 1386 neque
812 1381 816 1384 ,
829 1331 959 1373 sordes
972 1363 984 1382 ‚
1009 1346 1080 1373 nec
1104 1335 1204 1375 mala
1225 1335 1344 1376 lustra

207 1395 380 1449 Objiciet
408 1407 502 1437 vere
526 1393 731 1448 quisquam
761 1394 881 1443 mihi;
908 1408 1030 1448 purus
1050 1395 1092 1436 δι
1118 1395 1248 1437 insons

205 1458 290 1513 (Ut
314 1471 376 1498 me
392 1456 635 1510 collaudem)
665 1455 693 1496 s1
718 1457 760 1497 δι
776 1457 875 1497 vivo
895 1470 1007 1498 carus
1028 1458 1184 1499 amicis·
1424 1471 1479 1512 70

204 1522 334 1564 Causa
355 1521 432 1562 fuit
452 1532 561 1574 pater
588 1521 663 1566 his,
690 1521 760 1574 qui
783 1534 916 1562 macro
942 1533 1090 1575 pauper
1111 1520 1237 1574 agello

204 1585 371 1627 Noluit
362 1597 401 1623 in
430 1583 544 1624 Flavi
569 1583 700 1623 ludum
726 1595 788 1623 me
814 1584 990 1630 mittere,
1014 1584 1148 1637 magni

140 1657 147 1664 ·
206 1646 309 1702 Quo
331 1644 459 1702 pueri
463 1645 613 1698 magnis
634 1656 657 1684 e
683 1644 976 1685 centurionibus
997 1645 1098 1694 orti,

203 1709 329 1750 Laevo
356 1698 519 1760 suspensi
541 1706 694 1747 loculos
714 1705 964 1760 tabulamque
987 1706 1161 1757 lacerto,

207 1771 323 1811 Ibant
338 1769 491 1810 οᾶοηίς
519 1767 727 1809 referentes
749 1768 876 1808 Idibus
895 1780 985 1809 aera.
1424 1781 1476 1824 75

203 1833 279 1875 Sed
301 1838 465 1888 puerum
490 1830 544 1872 est
565 1829 680 1870 ausus
708 1830 872 1870 Romam
896 1840 1075 1883 portare,
1101 1829 1321 1871 docendum

204 1899 323 1940 Artes
338 1928 350 1944 ,
374 1909 472 1950 quas
498 1896 639 1935 doceat
659 1895 787 1948 quivis
809 1904 1068 1950 eques-*atque
1092 1892 1246 1935 senator
1318 1912 1320 1917 ·

206 1962 337 2003 Semet
359 1971 597 2014 prognatos:
619 1957 766 1999 vestem
791 1956 999 2010 servosque
1028 1956 1229 2011 sequentes

205 2023 254 2064 In
281 2036 426 2077 magno
450 2033 497 2062 ut
516 2021 669 2076 populo
689 2020 718 2060 sl
740 2021 826 2074 quis
847 2018 1021 2068 vidisset,
1049 2020 1156 2060 avita

206 2087 268 2128 Ex
289 2100 331 2127 re
357 2085 519 2140 praeberi
538 2083 686 2125 sumtus
706 2083 799 2123 mihi
825 2083 999 2141 crederet
1017 2082 1118 2123 illos.
1425 2080 1480 2124 80

200 2147 292 2202 ipse
308 2148 399 2188 mihi
420 2146 548 2187 custos
571 2143 918 2197 incorruptiffimus
943 2157 1080 2185 omnes
1452 2144 1458 2177 ἕ

207 2211 372 2252 Circum
393 2209 573 2251 do&ores
589 2209 730 2249 aderat.
754 2207 866 2260 Q‘uid
892 2206 1040 2248 multa?
1067 2206 1251 2260 pudicum

207 2272 325 2328 (Qui
351 2272 497 2327 primus
518 2270 671 2310 virtutis
702 2268 857 2320 honos)
881 2267 1052 2308 servavit
1075 2267 1126 2308 ab
1146 2268 1254 2308 omni

208 2336 304 2377 Non
332 2333 455 2374 solum
475 2332 605 2380 faao,
631 2346 769 2374 verum
793 2331 1012 2401 opprobrio
1039 2344 1200 2384 quoque
1221 2330 1346 2385 turpi:

208 2398 294 2439 Nec
321 2397 476 2444 timuit,
503 2395 572 2436 fibi
603 2409 653 2436 ne
674 2396 776 2436 vitio
802 2395 889 2447 quis
914 2406 1103 2441 verteret,
1133 2394 1227 2434 olim
1310 2439 1311 2443 Ἰ
1425 2392 1474 2489 8 ς

195 2462 247 2503 Si
272 2473 403 2514 praeco
423 2472 584 2512 parvas,
609 2470 677 2500 aut
698 2459 772 2512 (ut
802 2455 874 2498 suit
894 2457 999 2511 ipse)
1026 2457 1186 2498 coactor

208 2522 410 2565 Mercedes
431 2520 629 2576 sequerer:
653 2533 780 2576 neque
802 2532 879 2574 ego
897 2518 955 2560 es*
934 2527 1009 2560 em
1028 2519 1195 2572 questus.
1214 2519 1270 2559 At
1285 2518 1361 2560 hoc
1377 2530 1480 2559 nunc
1507 2561 1510 2563 ,
