1592 2898
252 253 344 299 124
453 239 514 309 Q·
579 237 947 287 HoRATu
1015 238 1328 289 FLACCI

248 344 310 386 Te
333 357 414 385 non
437 345 616 399 paventis
639 345 775 387 funera
798 345 938 388 Galliae

248 408 455 462 Duraeque
474 408 588 449 tellus
610 409 715 449 audit
739 409 899 450 Iberiae:
1472 418 1522 465 50

301 469 363 511 Te
387 469 492 527 caede
514 470 723 523 gaudentes
749 472 959 525 Sygambri

359 532 599 590 Compofitis
621 545 861 578 venerantur
882 534 1009 576 armis.

700 736 893 784 ODE
952 738 1064 785 XV.

475 881 883 924 AUGUSTI
935 881 1309 924 LAUDES.·

248 1011 405 1069 Augusti
427 1014 549 1053 laudes
582 1015 651 1054 hac
671 1029 806 1067 quoque
843 1015 921 1054 Ode
945 1016 1070 1064 canit,
1094 1014 1174 1054 licet
1193 1031 1218 1055 a
1248 1016 1414 1056 canendis
1447 1016 1521 1070 ejus

297 1077 429 1131 proeliis
463 1078 509 1116 ab
543 1076 715 1131 Apolline
747 1077 939 1116 deterritum
959 1076 1000 1130 fi
1024 1076 1134 1131 fiuffe
1161 1077 1271 1118 dicat.
1307 1078 1522 1131 Potzffimum

302 1151 417 1178 autem
443 1139 571 1178 laudat
593 1153 691 1188 eum,
719 1140 816 1191 quod
830 1153 955 1192 pacem
974 1137 1056 1191 suis
1081 1139 1285 1190 reddiderit,
1311 1139 1347 1179 δ’
1370 1138 1523 1192 refrena-

301 1213 367 1250 ta,
391 1215 467 1254 quae
498 1216 577 1242 cum
601 1201 746 1254 summa
768 1202 910 1241 licentia
936 1204 1154 1257 vagabatur,
1185 1217 1318 1244 morum
1345 1213 1522 1256 corrupte-

300 1263 341 1302 la
350 1294 365 1311 ,
390 1278 450 1302 eas
472 1276 563 1303 artes
589 1264 783 1312 revocarit,
807 1278 870 1318 per
888 1279 980 1318 quas
994 1265 1172 1319 imperium
1185 1282 1210 1306 a
1232 1265 1423 1321 majoribus
1435 1263 1522 1318 [ηιξ

302 1339 360 1366 rat
385 1328 654 1382 amplcficatum.

246 1433 305 1507 P
314 1474 346 1502 H
359 1474 429 1502 <tn
445 1474 475 1501 υ
491 1473 511 1502 s
541 1461 741 1502 volentem
766 1460 907 1514 proelia
925 1474 988 1503 me
1007 1461 1117 1517 loqui

243 1525 380 1568 viaas
401 1526 442 1566 &
465 1525 605 1571 urbes,
632 1525 824 1579 increpuit
848 1525 957 1577 lyra,

299 1586 363 1627 Ne
387 1600 510 1640 parva
528 1586 788 1638 Tyrrhenum
812 1599 881 1639 per
905 1598 1047 1639 aequor

356 1650 458 1691 vela
484 1650 630 1690 darem.
652 1649 765 1699 Tua,
789 1647 946 1696 Caesar,
968 1659 1061 1689 aetas

248 1756 394 1810 Fruges
421 1755 463 1796 &
489 1755 588 1809 agris
610 1755 745 1796 retulit
765 1755 904 1796 uberes
919 1786 933 1805 ‚
1350 1735 1356 1767 ἶ
1497 1765 1526 1810 ’ς

246 1819 296 1860 Et
314 1818 420 1873 figna
443 1817 578 1858 nostro
602 1817 764 1859 restituit
789 1818 903 1866 Jovi,

301 1881 478 1934 Derepta
501 1880 735 1920 Parthorum
758 1878 930 1934 superbis

356 1943 558 1992 Postibus,
585 1943 627 1985 &
653 1956 824 1985 vacuum
847 1942 982 1984 duellis

248 2051 390 2092 Janum
415 2048 636 2103 Quirinum
660 2044 814 2093 clausit,
838 2044 880 2086 &
905 2044 1079 2086 ordinem

246 2113 415 2155 Re&um
439 2111 624 2164 evaganti
650 2108 759 2150 frena
787 2107 971 2149 Licentiae
1145 2113 1156 2128 ·
1471 2119 1523 2149 m

300 2173 464 2226 Injecit,
491 2170 720 2224 emovitque
745 2169 879 2222 culpas
891 2198 906 2219 ‚

352 2234 402 2274 Et
426 2245 579 2275 veteres
602 2231 812 2272 revocavit
837 2241 961 2271 artes:

241 2336 314 2377 Per
338 2349 435 2390 quas
460 2337 643 2376 Latinum
660 2346 811 2376 nomen
836 2333 878 2375 &
903 2334 1012 2374 Italae

245 2398 420 2440 Crevere
443 2398 548 2438 vires
562 2428 573 2444 ‚
601 2397 780 2451 famaque
804 2397 845 2437 δι
867 2396 1004 2451 imperi

301 2459 482 2500 Porreaa
510 2458 689 2510 majestas
715 2459 760 2498 ad
792 2466 924 2498 ortum
1166 2508 1171 2509 ⁷
1473 2469 1520 2513 15

349 2522 450 2565 Solis
473 2522 521 2563 ab
546 2521 740 2577 Hesperio
764 2519 896 2562 cubili.
