1592 2898
211 224 306 289 256
420 226 480 295 Q-
548 227 921 276 HoRA‘ru
986 221 1295 282 FLAc'cr

202 333 302 374 ‘Urit
319 333 418 372 enim
444 332 595 387 fulgore
618 334 690 393 suo
705 366 714 382 ,
737 337 806 389 qui
835 350 1056 391 praegravat
1075 349 1181 383 ‘artes

209 394 319 436 Infra
337 394 374 436 fe
400 397 563 450 pofitas:
590 398 798 440 exstin&us
815 401 1005 443 amabitur
1022 403 1133 444 idem.

208 455 387 496 Praesenti
408 457 475 497 tibi
499 470 675 500 maturos
695 459 880 514 largimur
900 462 1097 515 honores,
1435 481 1484 525 ῖς

207 517 471 572 Jurandasque
495 530 607 560 tuum
633 535 703 576 per
729 535 873 564 nomen
897 525 1081 578 ponimus
1102 539 1211 577 aras,

209 581 275 621 Nil
299 582 490 622 oriturum
512 582 627 630 alias,
654 585 703 623 nil
724 596 858 625 ortum
886 586 962 626 tale
985 586 1160 629 fatentes,

208 643 282 683 Sed
302 654 391 684 tuus
413 644 474 683 hic
498 645 687 698 populus,
717 645 923 700 sapiens&
944 647 1071 700 justus
1093 651 1132 693 in
1156 665 1263 702 uno,

207 708 270 750 Te
289 705 427 746 nostris
445 706 629 754 ducibus,
651 719 690 747 te
709 707 839 761 Grajis
859 709 1109 752 anteferendo
1122 742 1136 759 ‚

206 769 347 810 Cetera
368 782 612 823 nequaquam
632 770 742 810 fimili
765 771 917 812 ratione
937 772 1141 828 modoque
1427 789 1479 818 ιο

206 831 410 880 AEstimat3
437 833 499 879 &,
520 829 587 871 nisi
610 845 700 885 quae
725 833 838 873 terris
862 833 1008 874 semota
1031 833 1185 890 suisque
1205 845 1213 851 ⁵

207 894 472 947 Temporibus
494 892 671 934 defunna
696 895 827 942 videt,
849 894 986 936 fastidit
1005 897 1048 938 &
1065 898 1158 938 odit.

206 956 272 997 Sic
293 956 422 996 fautor
442 966 640 1004 veterum,
664 966 708 996 ut
734 956 883 997 tabulas
902 970 1060 1010 peccare
1084 971 1287 1009 vetantes,

205 1019 323 1072 Quas
345 1019 405 1057 bis
425 1018 600 1070 quinque
620 1017 696 1056 viri
721 1016 950 1066 sanxerunt,
974 1018 1120 1060 foedera
1142 1033 1280 1075 regum
1307 1018 1317 1022 ’

207 1082 283 1122 Vel
302 1081 459 1129 Gabiis,
478 1080 543 1120 vel
568 1094 656 1120 cum
682 1081 808 1134 rigidis
831 1095 983 1136 aequata
1009 1084 1179 1132 Sabinis,
1425 1097 1474 1141 25

203 1142 434 1184 Pontificum
460 1142 601 1190 libros,
626 1141 769 1182 annosa
792 1143 994 1185 volumina
1017 1157 1177 1195 vatum,

204 1205 367 1247 Difiitet
381 1205 539 1244 Albano
563 1203 692 1244 Musas
717 1205 754 1243 in
780 1217 912 1246 monte
936 1206 1098 1248 locutas.

203 1266 269 1316 Si,
291 1266 380 1319 quia
402 1263 636 1305 Graecorum
657 1263 743 1304 sunt
760 1265 1015 1317 antiquiffima
1035 1280 1206 1321 quaeque

204 1330 352 1381 Scripta
372 1328 434 1367 vel
455 1327 604 1379 optima
617 1356 627 1373 ‚
655 1324 822 1366 Romani
843 1327 1049 1381 pensantur,
1060 1330 1193 1370 eadem

203 1392 417 1446 Scriptores
435 1390 605 1438 trutina;
625 1402 704 1428 non
727 1389 780 1429 est
805 1391 912 1444 quod
932 1391 1054 1431 multa
1077 1393 1308 1446 loquamur:
1422 1405 1474 1448 30

202 1453 271 1494 Nil
292 1454 389 1492 intra
409 1450 464 1491 est
483 1450 609 1490 oleam
624 1481 636 1499 ‚
668 1451 719 1490 nil
743 1462 857 1491 extra
882 1452 1001 1492 estin
1027 1464 1126 1502 nuce
1151 1454 1248 1495 duri.

202 1513 397 1554 Venimus
415 1512 461 1552 a'd
484 1510 674 1552 summum
695 1511 888 1552 fortunae:
910 1513 1102 1566 pingimus
1123 1526 1240 1568 atque

202 1575 398 1616 Psallimus
411 1605 423 1623 ‚
445 1575 484 1614 δι
504 1574 695 1614 laetamur
715 1575 876 1615 Achivis
901 1575 1052 1616 doetius
1071 1575 1207 1618 unffls.

202 1637 245 1679 Si
263 1636 423 1677 meliora
445 1636 523 1676 dies
536 1666 548 1684 ‚
569 1646 613 1675 ut
638 1636 753 1684 vina,
774 1646 955 1688 poemata
978 1637 1125 1687 reddit,

199 1698 304 1744 Scire
325 1698 465 1745 velim,
491 1697 655 1750 pretium
681 1697 822 1737 chartis
843 1709 990 1751 quotus
1015 1709 1171 1752 arroget
1195 1711 1335 1741 annus.
1419 1712 1468 1755 35

200 1759 374 1812 Scriptor
391 1758 529 1798 abhinc
549 1771 672 1798 annos
692 1769 847 1799 centum
863 1761 935 1812 qui
956 1760 1118 1808 decidit,
1147 1761 1248 1802 inter

200 1824 398 1865 Perfeaos
416 1822 645 1876 veteresque
666 1821 797 1862 referri
820 1822 961 1863 debet?
987 1836 1036 1863 an
1057 1824 1160 1864 inter

198 1888 310 1928 Viles
324 1898 448 1941 atque
472 1888 627 1927 novos?
652 1885 865 1926 excludat
853 1887 982 1940 jurgia
1005 1886 1105 1927 finis.
1118 1907 1202 1918 ——-

198 1950 263 1990 Est
281 1961 394 1990 vetus
417 1961 534 2002 atque
555 1949 728 2000 probus,
748 1959 906 1988 centum
927 1948 994 2002 qui
1019 1947 1169 2002 perficit
1189 1962 1325 1991 annos.
1344 1969 1416 1982 —

199 2013 332 2067 Quid,
353 2014 421 2067 qui
441 2013 602 2066 deperiit
626 2013 752 2051 minor
776 2023 857 2051 uno
881 2010 1033 2059 mense,
1056 2011 1120 2052 vel
1140 2024 1266 2061 anno,
1416 2026 1469 2063 40

197 2075 302 2115 Inter
322 2088 423 2128 quos
439 2073 662 2114 referendus
678 2072 776 2112 erit?
806 2072 1003 2113 veteresne
1027 2071 1189 2128 poetas?

196 2136 264 2176 An
286 2149 388 2189 quos
415 2136 457 2175 δι
476 2134 641 2188 praesens
661 2134 701 2173 &
723 2133 871 2186 postera
892 2133 1043 2187 respuet
1059 2145 1152 2174 aetas
1167 2131 1183 2172 ἓ
1197 2152 1279 2164 —-

197 2197 271 2239 Iste
287 2200 439 2252 quidem
460 2210 612 2238 veteres
632 2199 731 2237 inter
757 2197 924 2250 ponetur
947 2197 1130 2244 honeste,
1345 2193 1348 2195 ’

197 2257 287 2309 Qui
309 2258 372 2297 vel
396 2256 521 2297 mense
543 2258 679 2304 brevi,
698 2257 763 2296 vel
787 2267 876 2307 toto
897 2255 951 2297 est
966 2255 1097 2309 junior
1115 2267 1319 2296 anno.—

197 2314 301 2355 Utor
323 2314 526 2368 permisso,
546 2316 755 2369 caudaeque
778 2316 877 2369 pilos
898 2327 941 2356 ut
963 2317 1143 2369 equinae,
1411 2330 1461 2372 45

195 2377 384 2418 Paulatim
404 2378 534 2425 vello,
556 2379 597 2419 δι
621 2380 736 2419 demo
760 2393 879 2420 unum
894 2411 907 2428 ‚
931 2380 1047 2420 demo
1069 2381 1187 2422 etiam
1208 2394 1329 2423 unum
1342 2395 1357 2431 ;

195 2439 306 2480 Dum
325 2442 432 2482 cadat
453 2441 579 2482 elusus
597 2443 747 2481 ratione
766 2443 914 2482 ruentis
935 2443 1090 2490 acervi,
1126 2485 1132 2493 ‚

198 2501 288 2555 Qui
311 2504 405 2544 redit
424 2504 471 2544 ad
490 2502 609 2544 fastos
621 2533 633 2554 ,
656 2504 697 2543 δι
714 2504 897 2546 virtutem
923 2504 1083 2545 aestimat
1099 2505 1207 2546 annis
1219 2535 1234 2556 ,
