1592 2898
220 230 314 280 254
381 213 446 284 Q.
473 212 751 260 HORATII
781 213 868 259 FL.
893 211 1178 261 EPISTOL.
1211 213 1324 262 LIB.
1355 216 1412 273 I.',

217 318 333 373 Quid
355 320 493 362 volui?
517 321 619 362 dices
636 354 647 371 ‚
684 322 750 363 ubi
775 323 870 377 quid
895 334 935 365 te
962 323 1123 375 laeserit3
1145 325 1188 367 &
1206 325 1277 368 scis

218 381 265 421 In
291 382 411 422 breve
436 393 475 422 te
498 383 612 436 cogi,
638 382 774 436 plenus
800 397 893 425 cum
914 386 1072 439 languet
1092 382 1255 430 amator.

220 442 347 495 Quod
366 443 394 483 fi
421 457 503 485 non
527 445 621 485 odio
650 447 844 499 peccantis
868 447 1000 502 defipit
1026 461 1177 502 augur,

218 505 348 545 Carus
376 507 450 546 eris
467 506 609 547 Romae
624 538 634 556 ,
666 508 792 550 donec
818 519 857 550 te
883 509 1028 550 deserat
1051 521 1156 552 aetas.
1455 525 1504 555 10

220 565 496 609 contrectatus
519 569 585 609 ubi
613 570 791 612 manibus
813 569 1029 613 sordescere
1056 572 1170 627 vulgi
1584 572 1592 598 ¹

220 627 423 682 Coeperis‚
449 642 516 670 aut
538 632 662 672 tineas
683 632 812 684 pasces
834 634 1052 674 taciturnus
1077 635 1240 684 inertes,

223 691 307 731 Aut
326 691 450 744 fugies
476 694 630 733 Uticam
646 726 658 744 ,
687 706 755 736 aut
783 696 938 738 vinetus
961 697 1126 737 mitteris
1141 697 1318 738 Ilerdam.
1586 689 1592 728 ἶ

228 753 387 794 Ridebit
413 755 584 809 monitor
607 769 687 796 non
712 758 939 807 exauditu53
963 769 1007 798 ut
1035 758 1123 805 ille,

221 817 313 870 Qui
332 817 431 858 male
460 831 656 871 parentem
675 820 713 859 in
732 833 848 873 rupes
876 820 1063 874 protrusit
1085 819 1244 861 asellum
1452 824 1502 874 ις’

224 878 377 920 Iratus:
400 881 486 934 quis
506 883 611 921 enim
638 882 808 923 invitum
832 881 986 922 servare
1010 881 1191 924 laboret?
1359 893 1375 896 ··
1578 892 1592 917 ε’

225 942 320 982 Hoc
339 956 501 997 quoque
526 955 564 984 te
591 955 746 994 manet,
769 955 815 985 ut
843 957 987 998 pueros
1015 944 1206 985 elementa
1228 944 1435 986 docentem
1588 940 1592 944 ’

224 1004 407 1058 Occupet
431 1006 614 1046 extremis
634 1006 673 1045 in
696 1006 789 1046 vicis
812 1006 926 1046 balba
949 1005 1135 1046 senefius.
1325 998 1332 1005 ’

228 1065 332 1104 Cum
353 1066 427 1105 tibi
455 1065 513 1107 sol
539 1067 687 1120 tepidus
711 1068 842 1120 plures
866 1067 1087 1108 admoverit
1106 1080 1218 1109 aures
1233 1097 1248 1118 ,

226 1127 298 1167 Me
316 1127 498 1169 libertino
520 1140 653 1170 natum
675 1139 806 1183 patre,
833 1129 874 1170 δι
900 1129 939 1169 in
958 1129 1064 1170 tenui
1088 1142 1131 1170 re
1449 1138 1507 1169 20

226 1188 401 1241 Maiores
424 1202 569 1243 pennas
594 1190 687 1231 nido
713 1189 923 1232 extendiffe
949 1190 1148 1244 loqueris:

227 1252 283 1292 Ut
304 1263 493 1305 quantum
512 1253 644 1305 generi
668 1253 822 1299 demas,
848 1252 1058 1293 virtutibus
1083 1250 1218 1292 addas:

225 1314 295 1353 Me
317 1314 448 1367 primis
466 1315 570 1354 urbis
589 1314 679 1354 beni
698 1313 878 1369 placuisse
902 1314 1114 1368 domique,

231 1374 424 1428 Corporis
449 1376 606 1429 exigui,
632 1389 878 1427 praecanum,
907 1375 1050 1418 solibus
1077 1386 1239 1430 aptum,

229 1436 346 1477 Irasci
373 1437 557 1485 celerem,
581 1450 710 1478 tamen
729 1448 773 1478 ut
798 1438 993 1492 placabilis
1019 1436 1149 1478 effem.
1451 1446 1504 1490 ις

228 1500 346 1541 Forte
363 1514 491 1542 meum
508 1502 534 1542 fi
554 1503 640 1555 quis
660 1514 698 1543 te
722 1503 1012 1555 percontabitur
1039 1514 1195 1548 aevum,

230 1566 298 1604 Me
320 1575 456 1618 quater
484 1566 662 1606 undenos
685 1564 775 1607 sciat
801 1563 1011 1618 implevisse
1029 1562 1295 1608 Decembres,

230 1628 433 1682 Collegam
460 1629 648 1683 Lepidum
675 1641 758 1682 quo
787 1628 896 1668 duxit
918 1624 1066 1667 Lollius
1092 1637 1207 1667 anno.
