1592 2898
268 228 357 275 144
463 210 524 283 Q.
592 210 969 259 HORATII
1039 205 1343 256 FLACCI

259 321 404 370 Forte,
423 319 516 375 quid
541 317 746 373 exp‘ediat,
767 317 1055 366 communiter,
1079 326 1150 358 aut
1170 316 1309 358 melior
1339 295 1447 371 pars‘,
1488 322 1538 369 15-

317 384 433 425 Malis
454 396 587 424 carere
610 382 786 436 quaeritis
815 381 1028 421 laboribus.

261 447 381 487 Nulla
401 446 445 486 sit
464 446 538 486 hac
567 446 700 499 potior
715 444 931 485 sententia:
954 443 1211 483 Phocaeorum

318 510 443 552 Velut
467 507 638 563 profugit
663 506 855 548 exsecrata
878 506 1041 554 civitas,

266 575 399 628 Agros
427 583 543 626 atque
571 572 685 611 Lares
707 569 911 623 proprios,
936 566 1217 622 habitandaque
1236 564 1327 605 fana

320 637 439 691 Apris
459 635 616 688 reliquit
645 633 687 674 δε
721 631 924 686 rapacibus
953 630 1076 684 lupis;
1491 633 1543 663 20

264 702 328 743 Ire
358 699 473 754 pedes
501 709 741 751 quocunque
769 693 917 740 ferent,
944 702 1182 747 quocunque
1206 699 1276 743 per
1300 685 1423 726 undas

321 763 453 803 Notus
479 758 662 806 vocabit,
685 766 757 797 aut
778 765 989 808 protervus
1012 752 1178 793 Africus.

267 827 330 869 Sic
356 824 511 879 placet?
537 834 586 861 an
612 820 749 860 melius
775 818 863 872 quis
892 817 1006 857 habet
1035 814 1220 856 suadere?
1246 810 1410 852 secunda

235 942 240 946 β
300 911 302 913 -
322 888 460 928 Ratem
487 879 681 936 occupare
699 881 791 935 quid
815 892 1016 930 moramur
1042 876 1159 917 alite?

268 949 343 992 Sed
365 948 542 1001 juremus
571 945 609 984 in
633 943 743 983 haec:
770 940 893 981 Simul
917 941 1006 980 imis
1029 938 1119 980 saxa
1140 937 1309 979 renarint
1494 941 1543 987 25

325 1011 450 1050 Vadis
473 1008 603 1048 levata
619 1036 632 1054 ,
655 1017 706 1044 ne
728 1003 853 1044 redire
881 1000 927 1041 fit
958 999 1090 1050 nefas,

269 1075 364 1116 Neu
392 1068 585 1113 conversa
611 1068 772 1107 domum
799 1064 928 1118 pigeat
951 1062 1044 1102 dare
1066 1061 1211 1110 lintea,
1233 1058 1390 1114 quando

325 1134 450 1176 Padus
476 1131 624 1172 Matina
651 1127 798 1168 laverit
818 1125 1021 1166 cacumina
1036 1155 1050 1172 ‚

272 1198 322 1240 In
343 1209 452 1238 mare
476 1194 541 1235 seu
565 1190 686 1233 celsus
716 1188 953 1244 procurrerit
974 1185 1230 1239 Apenninus,

328 1259 529 1310 Novaque
555 1252 727 1294 monstra
749 1249 922 1303 junxerit
943 1247 1099 1288 libidine
1499 1249 1550 1291 30

276 1323 406 1364 Mirus
435 1331 568 1359 amor:
596 1315 709 1369 juvet
733 1324 775 1352 ut
799 1313 917 1365 tigres
939 1308 1127 1350 subsidere
1153 1304 1304 1354 cervis,

330 1383 583 1426 Adulteretur
611 1378 653 1418 &
677 1375 860 1417 columba
888 1372 1036 1420 miliio;

240 1464 247 1471 ⁴
276 1446 447 1491 Credula
468 1457 539 1484 nec
559 1453 678 1482 ravos
696 1439 854 1478 timeant
884 1445 1057 1476 armenta
1077 1431 1236 1481 leon9s3

334 1511 532 1563 Ametque
560 1503 652 1546 salsa
680 1501 791 1542 laevis
814 1499 943 1538 hircus
965 1504 1139 1548 aequora.

277 1577 400 1622 Haec‚
431 1573 472 1613 &
496 1583 585 1625 quae
604 1576 790 1623 poterunt
815 1562 960 1603 reditus
984 1556 1205 1600 abscindere
1226 1551 1380 1601 dulces,
1503 1557 1549 1603 35

334 1637 480 1678 Eamus
511 1631 637 1672 omnis
659 1625 858 1668 'exsecrata
884 1623 1049 1669 civitas;

279 1702 365 1743 Aut
386 1709 475 1753 pars
505 1691 659 1734 indocili
689 1688 828 1729 melior
855 1697 997 1738 grege,
1027 1678 1155 1729 mollis
1176 1677 1216 1719 δι
1233 1675 1368 1730 exspes

334 1760 556 1802 Inominata
581 1752 790 1809 perprimat
815 1747 967 1790 cubilia.

280 1825 390 1872 Vos,
414 1821 555 1879 quibus
577 1817 631 1858 est
652 1817 779 1856 virtus
794 1844 808 1863 ,
828 1810 1058 1852 muliebrem
1082 1804 1208 1846 tollite
1225 1800 1372 1843 luaum
1385 1826 1422 1849 ,,

337 1882 496 1926 Etrusca
513 1889 653 1935 praeter
675 1877 715 1917 &
734 1874 868 1915 volate
891 1872 1018 1911 litora.
1503 1869 1557 1908 40

282 1949 371 1990 Nos
393 1955 523 1986 manet
546 1942 732 1983 Oceanus
750 1938 1026 1986 circumvagus
1051 1941 1172 1971 arva:
1198 1927 1312 1967 beata

336 2008 519 2047 Petamus
550 2015 666 2048 arva,
694 1999 831 2039 divites
855 1997 896 2037 δι
922 1993 1084 2041 insulas3

282 2070 423 2113 Reddit
446 2067 515 2108 ubi
537 2065 722 2106 Cererem
744 2060 856 2100 tellus
881 2059 1030 2097 inarata
1052 2049 1287 2108 quotannis,

340 2132 389 2173 Et
412 2132 602 2183 imputata
626 2127 741 2166 floret
760 2122 880 2176 usque
901 2121 1038 2168 vinea,

285 2196 491 2240 Germinat
514 2193 553 2233 δι
568 2201 767 2244 nunquam
794 2185 956 2226 fallentis
980 2191 1120 2222 termes
1139 2177 1283 2225 olivae,
1510 2180 1579 2221 45-

342 2259 538 2310 suamque
566 2253 670 2307 pulla
692 2249 790 2290 ficus
811 2256 926 2287 ornat
951 2244 1155 2288 arborem,
1531 2239 1533 2241 ’

288 2321 408 2363 Mella
434 2330 529 2360 cava
556 2323 712 2355 manant
740 2323 790 2351 ex
810 2309 918 2355 ilice,
939 2304 1136 2346 montibus
1159 2300 1244 2341 altis

343 2382 459 2423 Levis
488 2388 669 2431 crepante
689 2373 851 2428 lympha
877 2368 997 2410 desilit
1022 2367 1129 2420 pede.

291 2448 374 2490 Illic
396 2441 545 2496 injuffae
568 2441 729 2494 veniunt
761 2435 807 2476 ad
836 2431 998 2474 maltha
1028 2426 1184 2480 capellae
1199 2455 1211 2473 ,

343 2508 554 2561 Refertque
581 2513 688 2544 tenta
709 2512 803 2555 grex
830 2497 976 2538 amicus
1006 2492 1155 2537 ubera;
1219 2535 1224 2541 ἱ
1524 2491 1572 2533 50
