1592 2898
253 263 340 314 118
453 261 516 330 Q·
569 251 955 305 HORATII
1014 243 1318 295 FLACCI

248 367 345 409 Non
373 363 622 418 poffidentem
648 357 768 399 multa
790 353 1001 396 vocaveris
1231 372 1250 377 »-
1473 346 1529 397 4ς

250 427 372 470 Re&e
400 428 584 467 beatum:
614 421 759 463 refflus
780 427 949 471 occupat

307 490 465 532 Nomen
492 486 620 533 beati,
648 484 717 538 qui
743 481 925 522 Deorum

361 548 596 592 Muneribus
622 545 809 599 sapienter
830 542 916 592 uti,

254 650 489 700 Duramque
513 643 625 684 callet
652 639 879 694 pauperiem
905 635 1012 691 pati,

255 709 447 765 Pejusque
474 708 554 749 leto
578 705 766 759 flagitium
784 702 917 749 timet,
1485 697 1533 743 50

310 773 405 813 Non
429 770 490 810 ille
518 780 593 823 pro
617 766 721 807 caris
742 760 874 804 amicis
889 791 902 811 ‚

366 833 452 875 Aut
473 830 596 887 patria
619 828 774 870 timidus
797 823 935 880 perire.

745 978 939 1028 ODE
1000 976 1054 1024 X.

546 1070 1323 1148 ADLIGURINfiM·

264 1221 325 1262 [Ut
344 1219 426 1258 dum
442 1229 505 1270 per
523 1202 656 1253 aetacem
675 1209 777 1257 licet,
794 1206 937 1259 fruatur
948 1202 1075 1258 fhrmae
1086 1200 1163 1254 [ιιι
1176 1200 1292 1239 bono:
1309 1187 1444 1248 alioqui
1461 1188 1542 1246 fhre

351 1292 390 1320 ut
418 1277 532 1333 ipsum
547 1274 625 1329 sero
649 1271 838 1327 poeniteat,
862 1282 940 1308 cum
956 1268 1030 1320 flos
1055 1263 1114 1303 ille
1143 1260 1255 1301 atatis
1279 1250 1462 1298 exaruerit.

271 1359 349 1434 Ο
380 1395 597 1428 emmens
622 1381 771 1428 adhuc,
804 1377 845 1419 δι
867 1374 1038 1417 Veneris
1061 1366 1285 1411 muneribus
1310 1373 1473 1419 potens,

269 1450 466 1505 Insperata
485 1460 564 1489 tuae
589 1458 682 1486 cum
701 1441 835 1483 veniet
862 1438 995 1492 pluma
1017 1431 1231 1488 superbiae,
1516 1475 1533 1478 μ

272 1514 323 1555 Et
338 1542 349 1560 ,
374 1524 463 1566 quae
493 1521 601 1550 nunc
625 1495 799 1547 humeriss·
827 1499 1061 1544 involitant,
1091 1489 1296 1534 deciderint
1321 1495 1476 1530 comae,

273 1577 391 1620 Nunc
415 1575 455 1616 δι
475 1573 550 1628 'qui
576 1572 688 1613 color
710 1568 765 1609 est
787 1565 962 1620 puniceae
988 1561 1087 1601 flore
1113 1556 1221 1610 prior
1249 1549 1372 1598 rosae,

274 1641 455 1682 Mutatus
474 1635 702 1688 Ligurinum
729 1630 772 1669 in
793 1626 930 1668 faciem
953 1620 1117 1662 verterit
1141 1613 1348 1668 hispidam:
1471 1602 1477 1611 ⁸
1524 1614 1545 1658 ς

276 1705 421 1749 Dices,
446 1700 546 1740 heu!
575 1695 730 1751 quoties
752 1703 791 1733 te
818 1691 858 1730 in'
880 1686 1038 1742 speculo
1059 1679 1200 1723 videris
1225 1676 1416 1718 alterum,

277 1766 390 1819 Quae
414 1775 522 1804 mens
554 1760 608 1801 est
630 1757 770 1805 hodie,
798 1765 870 1794 cur
898 1750 1034 1791 eadem
1057 1755 1137 1785 non
1167 1749 1292 1795 puero
1315 1733 1417 1776 fuit?

275 1828 358 1874 ,Vel
376 1840 446 1870 cur
465 1826 522 1867 his
544 1822 680 1865 animis
699 1817 917 1862 incolumes
943 1824 1025 1855 non
1053 1807 1213 1851 redeunt
1239 1798 1382 1860 genae?

743 1972 942 2024 ODE
1003 1969 1104 2016 XI.

567 2080 1335 2140 ADPHYLMDEM.⁴

316 2207 457 2252 Invitat
481 2219 556 2245 eam
580 2203 631 2243 ad
650 2199 803 2242 natalem
826 2192 1060 2238 Maecenatis,
1084 2187 1178 2228 domi
1198 2184 1276 2238 [αα
1297 2179 1398 2236 festis
1419 2175 1532 2233 epulis

291 2263 306 2278 ⁹
801 2254 1052 2297 celebrandum.

291 2339 402 2416 EST
424 2364 520 2407 mihi
544 2373 693 2402 nonum
721 2351 932 2411 superanti}
953 2360 1098 2390 annum

292 2432 433 2477 Plenus
459 2424 601 2467 Albani
624 2421 765 2463 cadus:
796 2415 849 2456 est
871 2414 910 2454 in
933 2412 1050 2451 horto
1064 2438 1077 2458 ,

293 2491 448 2548 Phylli,
473 2484 667 2530 neaendis
691 2483 825 2535 apium
852 2474 1037 2516 coronis:
1107 2480 1110 2482 ’

595 2545 660 2591 Est
682 2544 833 2587 hederae
851 2540 912 2583 vis
