1592 2898
216 236 305 288 182
413 240 476 309 Q·
545 239 920 289 HORATII
984 241 1291 291 FLACCI

212 345 360 388 Urbem
381 345 578 396 defricuit,
606 347 737 389 charta
761 348 937 390 laudatur
960 349 1108 391 eadem.

211 407 296 447 Nec
311 420 439 448 tamen
457 410 533 450 hoc
548 412 739 460 tribuens,
759 412 925 452 dederim
943 427 1104 467 quoque
1117 424 1263 455 cetera:
1281 425 1371 454 nam
1389 412 1440 454 (ιε
1463 426 1482 469 ς

213 469 263 510 Et
283 471 422 513 Laberi
448 473 587 513 mimos
602 504 615 520 ,
636 486 679 514 ut
705 475 866 527 pulchra
883 487 1086 528 poemata,
1114 477 1243 516 mirer.

144 562 154 571 s
212 531 319 584 Ergo
342 546 418 571 non
441 533 529 574 satis
546 534 601 574 est
625 534 701 575 risu
725 535 902 576 diducere
926 536 1062 577 ri&um

211 591 440 634 Auditoris:
464 595 504 634 δι
527 594 582 635 est
609 596 787 648 quaedam
809 608 937 636 tamen
959 597 1020 639 hic
1050 611 1209 652 quoque
1230 599 1367 640 virtus.
1403 599 1407 604 ’

212 653 277 696 Est
301 655 491 697 brevitate
512 671 635 711 opus,
660 669 704 698 ut
723 671 854 699 currat
872 658 1081 707 sententia,
1110 674 1186 702 neu
1205 661 1243 702 se

212 715 400 771 Impediat
430 721 559 760 verbis
589 719 696 760 laffas
727 721 981 762 onerantibus
1010 735 1134 763 aures.
1437 721 1500 765 10v

211 779 262 822 Et
286 781 464 825 sermone
486 797 588 836 opus
611 784 666 825 est
697 785 817 824 modo
842 784 957 830 tristi,
984 784 1082 839 saepe
1099 785 1264 838 jocos03

212 843 458 888 Defendente
482 849 612 888 vicem
640 849 760 889 modo
787 849 953 889 rhetoris
968 880 979 895 ,
1001 861 1119 902 atque
1150 863 1300 903 poetae3

212 908 408 950 Interdum
430 912 590 959 urbani,
615 913 804 964 parcentis
823 911 992 959 viribus,
1018 924 1140 965 atque
1182 930 1187 935 ’
1228 931 1233 939 ·

214 970 469 1014 Extenuantis
490 987 554 1015 eas
576 974 767 1016 consulto.
794 974 1014 1015 Ridiculum
1043 976 1122 1016 acri

213 1030 371 1075 Fortius
396 1035 434 1075 δι
459 1036 595 1077 melius
625 1048 782 1088 magnas
806 1036 1038 1089 plerumque
1064 1035 1164 1078 secat
1188 1049 1261 1078 res.
1438 1048 1484 1092 15

213 1093 296 1144 Illi,
316 1095 454 1148 scripta
480 1098 625 1151 quibus
648 1097 856 1138 Comoedia
884 1096 1004 1151 prisca
1027 1097 1122 1138 viris
1144 1097 1220 1147 est,

215 1156 308 1197 Hoc
326 1157 501 1205 stabant,
527 1158 603 1199 hoc
627 1156 713 1199 sunt
736 1158 941 1208 imitandi3
970 1171 1072 1212 quos
1097 1172 1224 1213 neque
1248 1158 1408 1213 pulcher

215 1215 483 1272 Hermogenes
507 1232 678 1273 unquam
707 1219 824 1273 legit,
850 1233 976 1274 neque
997 1220 1130 1262 fimius
1149 1220 1239 1269 iste.

215 1279 283 1321 Nil
307 1292 446 1334 praeter
469 1281 637 1322 Calvum
669 1282 709 1323 δι
738 1281 875 1322 ἀοᾶυε
898 1294 1052 1323 cantare
1072 1283 1283 1324 Catullum.
1304 1306 1351 1318 -ι

216 1342 274 1383 At
299 1353 480 1396 magnum
507 1339 617 1387 fecit,
641 1342 748 1395 quod
771 1343 903 1383 verbis
923 1343 1066 1385 Graeca
1088 1344 1232 1387 Latinis
1437 1358 1489 1387 20

216 1403 386 1444 Miscuit.
404 1427 450 1438 --
475 1404 516 1445 O
538 1404 610 1445 seri
625 1403 867 1445 studiorum!
896 1405 1013 1459 quine
1037 1407 1180 1459 putetis

214 1466 386 1508 Difficile
408 1463 449 1508 δι’
466 1468 605 1509 mirum
620 1499 631 1514 ,
652 1467 812 1509 Rhodio
828 1468 936 1522 quod
959 1467 1194 1509 Pitholeonti

216 1528 421 1584 Contigit?
440 1552 486 1563 --
507 1529 564 1570 At
590 1529 718 1570 sermo
748 1529 882 1583 lingua
909 1531 1123 1571 concinnus
1148 1542 1312 1585 utraque

215 1590 407 1642 Suavior3
432 1603 478 1632 ut
503 1592 607 1633 Chio
632 1603 726 1632 nota
748 1590 778 1631 fi
800 1593 1014 1632 commixta
1035 1591 1185 1633 Falerni
1205 1593 1272 1635 est.

216 1652 318 1694 Cum
344 1653 479 1695 versus
497 1653 634 1703 facias,
659 1664 699 1694 te
721 1652 842 1706 ipsum
870 1665 1106 1708 percontor,
1125 1667 1174 1695 an
1196 1654 1238 1695 &
1260 1668 1352 1697 cum
1435 1668 1483 1711 ας

215 1714 331 1756 Dura
360 1717 430 1756 tibi
450 1716 664 1771 peragenda
689 1716 743 1756 rei
772 1715 816 1755 fit
844 1714 954 1756 causa
972 1714 1115 1764 Petilli,

215 1775 365 1820 Scilicet
387 1778 530 1819 oblitus
555 1777 769 1832 patriaeque
797 1775 990 1830 patrisque
1013 1777 1169 1827 Latini,

215 1842 322 1883 Cum
347 1842 482 1882 Pedius
505 1838 637 1880 causas
653 1836 810 1879 exsudet
827 1837 1055 1887 Publicola,
1082 1849 1202 1893 atque

216 1905 441 1952 Corvinus,
467 1903 600 1958 patriis
626 1900 882 1942 intermiscere
908 1901 1030 1955 petita

216 1969 350 2008 Veri-,a
372 1967 468 2009 foris
496 1967 623 2012 malis,
650 1964 832 2006 Canufini
855 1977 965 2005 more
985 1963 1194 2018 bilinguis?
1435 1980 1488 2022 30

216 2029 350 2082 Atque
372 2041 450 2080 ego
468 2040 556 2068 cum
581 2025 745 2067 Graecos
768 2024 958 2074 facerem
988 2033 1098 2064 natus
1120 2036 1224 2067 mare
1243 2024 1341 2066 citra
1354 2040 1371 2075 ,·

216 2092 466 2138 Versiculos,
490 2091 612 2130 vetuit
630 2101 692 2128 me
715 2088 781 2128 tali
807 2100 909 2128 voce
933 2086 1148 2140 Quirinus,

215 2156 304 2197 Post
328 2155 489 2195 mediam
509 2154 664 2194 melem
690 2149 792 2190 visus
807 2179 819 2198 ‚
845 2163 935 2190 cum
957 2148 1104 2189 somnia
1128 2161 1243 2190 vera:

217 2219 265 2260 In
294 2217 435 2257 silvam
455 2227 536 2255 non
555 2214 659 2268 ligna
683 2211 785 2252 feras
801 2210 990 2258 insanius,
1016 2223 1062 2251 ac
1080 2209 1108 2250 fi

217 2283 381 2334 Magnas
405 2279 638 2320 Graecorum
661 2276 772 2317 malis
795 2275 953 2328 implere
977 2286 1164 2316 catervas.
1437 2287 1485 2330 35

216 2343 417 2396 Turgidus
442 2341 610 2394 Alpinus
627 2339 779 2393 jugulat
802 2339 892 2378 dum
919 2338 1151 2383 Memnona,
1174 2336 1346 2392 dumque

216 2406 392 2460 Defingit
413 2405 544 2451 Rheni
568 2404 715 2450 luteum
742 2413 883 2454 caput3
909 2400 991 2441 baec
1012 2413 1089 2452 ego
1108 2401 1223 2449 ludo,

217 2471 327 2523 Quae
350 2482 421 2510 nec
448 2470 487 2508 in
506 2467 588 2514 aede
611 2465 747 2522 sonent
770 2465 957 2507 certantia
983 2463 1112 2516 judice
1132 2464 1289 2516 Tarpa;

214 2532 299 2575 Nec
321 2531 478 2577 redeant
498 2530 638 2574 iterum
659 2538 776 2583 atque
797 2527 935 2570 iterum
958 2525 1159 2584 spetianda
1186 2523 1353 2569 theatris.
1407 2586 1410 2588 ι
