1592 2898
302 271 891 350 E‘PlsTOLARuM
936 300 1077 346 121ss.
1124 300 1227 345 11..
1289 300 1403 363 283,

123 407 287 451 Derisor
303 422 404 451 vero
424 410 512 464 plus
534 409 732 450 laudatore
751 419 947 449 movemr.

122 469 253 524 Reges
270 469 449 512 dicunmr
471 470 600 511 multis
617 482 754 524 urgere
772 468 927 510 culullis
942 498 957 516 ‚

116 528 369 586 &torquere
387 545 526 579 mero,
547 543 665 586 quem
693 528 919 584 perspexisse
941 529 1145 576 laborenn
1300 537 1380 582 ⁴³5

120 591 433 635 Aust-amicitia
456 594 616 647 dignus:
642 591 674 632 fi
697 593 868 633 oermina
890 591 1062 638 ootides,

117 653 331 709 Nunquam
347 667 387 696 te
402 653 535 696 sanant
549 655 668 695 animi
690 654 759 695 sub
779 653 901 707 vulpe
920 654 1092 694 latentes.

120 715 320 769 Quintilio
341 717 479 772 siquid
501 718 699 766 recitares,
724 717 915 770 Corrige,
942 717 1079 766 sodes,

117 779 236 827 Hoc,
254 779 407 833 ajebat,
431 781 472 822 δι
491 781 595 821 hoc:
619 779 757 821 melius
777 791 818 820 te
839 778 946 832 posse
971 790 1155 833 negares,

117 840 187 883 Bis
200 851 339 894 terque
357 852 557 894 expertum
582 839 748 887 frustra,
767 839 895 879 delere
924 837 1084 890 jubebat
1096 868 1112 887 ‚
1300 849 1382 888 ⁴4⁰

121 899 173 941 Et
187 902 286 942 male
308 914 486 943 tornatos
505 903 634 942 incudi
658 902 815 941 reddere
838 899 983 941 versus.

116 962 156 1003 Si
178 962 379 1005 defendere
397 964 603 1012 defletum,
626 977 743 1017 quam
766 975 943 1010 vertere,
965 962 1118 1008 malles,

104 1024 281 1068 Nullum
299 1026 398 1067 ultra
420 1027 582 1067 verbum
605 1037 672 1065 aut
697 1037 856 1078 operam
878 1025 1050 1064 sumebat
1071 1026 1250 1070 inanem,

117 1085 234 1138 Quin
254 1086 333 1127 fine
350 1086 461 1126 rivali
482 1098 601 1141 teque
622 1085 665 1125 &
689 1096 759 1125 tua
782 1084 884 1125 solus
907 1097 1066 1125 amares

116 1145 193 1185 ‘Vir
205 1146 333 1188 bonus
346 1147 388 1187 δι
405 1148 572 1201 prudens
586 1146 718 1187 versus
734 1146 1010 1199 reprehendet
1001 1157 1168 1193 menes,
1299 1154 1375 1197 445

112 1205 298 1261 culpabit
318 1208 460 1255 duros,
486 1209 665 1248 incomtis
687 1208 814 1247 allinet
833 1218 958 1247 atrum

113 1267 356 1309 Transverso
381 1269 533 1309 calamo
550 1269 726 1322 fignum,
746 1267 947 1309 ambitiosa
972 1268 1114 1309 recidet

58 1355 66 1357 „
113 1328 380 1380 Ornamema,
401 1344 541 1385 pamm
564 1331 674 1371 claris
696 1331 822 1371 lucem
845 1331 939 1371 dare
965 1341 1109 1383 coget,

114 1390 268 1444 Arguet
288 1392 469 1445 ambigue
485 1392 625 1432 diatim
635 1421 650 1440 ‚
667 1391 850 1430 mutanda
870 1391 1021 1430 notabit
1031 1406 1047 1440 ;

113 1449 203 1491 Fiet
224 1451 495 1502 Aristarchus3
512 1465 599 1493 *non
618 1452 742 1499 dicet,
764 1451 849 1492 Cur
869 1465 946 1505 ego
967 1454 1138 1492 amicum
1296 1462 1379 1504 450

113 1510 323 1552 Offendam
342 1513 382 1552 in
400 1514 538 1566 nugis?
565 1513 641 1553 11ae
663 1525 777 1565 nugae
798 1511 890 1552 seria
914 1514 1058 1552 ducent

110 1571 161 1612 In
180 1573 280 1614 mah
303 1573 465 1616 derisum
483 1573 599 1614 semel
620 1585 906 1627 exceptumque
925 1573 1080 1614 sinistre.

62 1636 68 1640 “
111 1633 174 1675 Ut
200 1635 301 1676 mala
324 1650 439 1690 quem
462 1637 603 1678 scabies
624 1649 690 1677 aut
713 1638 874 1676 morbus
893 1637 1021 1689 regius
1040 1647 1177 1690 urget,

42 1719 48 1725 ·
110 1696 197 1737 Aut
221 1695 407 1738 saumims
427 1710 560 1745 error,
580 1699 621 1738 δι
642 1698 824 1738 iracunda
843 1695 998 1744 Diana,

108 1755 308 1796 Vesanum
328 1758 486 1810 tetigisse
509 1758 645 1798 timent
672 1758 902 1811 fugiuntque
929 1769 1086 1812 poetam
1100 1789 1115 1808 ‚
1288 1770 1367 1813 ⁴55

108 1817 198 1871 Qui
215 1816 367 1869 sapiunt
380 1833 399 1867 3
418 1818 562 1870 agitant
582 1819 689 1871 pueri
700 1849 716 1865 ,
734 1818 955 1870 incautique
980 1818 1209 1871 sequuntur.

106 1877 209 1925 Hie,
230 1877 321 1916 dum
347 1876 517 1917 sublimis
537 1877 668 1917 versus
691 1877 883 1926 ruaatur,
902 1879 942 1918 δι
961 1891 1089 1928 errat,

105 1937 148 1978 si
170 1936 295 1977 veluti
313 1938 469 1977 merulis
496 1937 664 1978 intentus
684 1938 821 1978 decidit
839 1952 984 1992 auceps

104 1998 154 2041 In
180 2011 340 2052 puteum
362 1997 575 2039 fovaemve
588 2030 601 2048 ,
624 2000 713 2040 licet
726 2031 741 2049 ‚
762 1999 981 2042 Succurrite
997 2032 1013 2049 ,
1029 2002 1192 2056 longum

106 2059 283 2106 clamet,
306 2059 355 2099 Io
374 2060 508 2099 cives!
535 2073 616 2100 non
639 2060 714 2110 fit,
736 2062 804 2114 qui
824 2062 960 2101 tollere
981 2076 1113 2104 curet:
1285 2063 1365 2114 460

106 2119 148 2162 Si
162 2122 251 2174 quis
269 2132 378 2162 curet
401 2132 516 2174 opem
539 2120 665 2170 fene,
684 2121 727 2162 δι
750 2123 951 2163 demittere
974 2123 1133 2172 funem,

106 2182 198 2236 Qui
214 2181 286 2224 scis
299 2213 312 2231 ‚
336 2195 387 2222 an
406 2183 575 2235 prudens
593 2184 669 2224 huc
690 2182 729 2224 se
751 2183 929 2236 dejecerit
944 2216 958 2234 ‚
985 2198 1107 2240 atque

104 2245 260 2286 Servari
278 2244 402 2284 nolit?
421 2245 570 2293 dicam,
594 2245 791 2299 Siculique
808 2257 936 2299 poetae

103 2305 313 2347 Narrabo
303 2306 523 2346 interitum.
546 2306 660 2348 Deus
677 2307 904 2349 immortalis
928 2309 1059 2349 haberi

103 2367 218 2410 Dum
237 2369 343 2421 cupit
361 2368 634 2421 Empedodoe,
655 2371 848 2411 ardentem
869 2370 1029 2426 frigidus
1049 2373 1207 2415 AEtnam
1281 2374 1358 2428 465

102 2429 270 2470 Insiluit:
289 2429 366 2469 fit
355 2443 437 2480 jus,
459 2430 648 2485 liceatque
672 2434 799 2486 perire
817 2434 963 2487 poetis:

100 2490 273 2534 Invitum
291 2492 358 2546 qui
372 2490 522 2543 servat,
538 2493 638 2536 idem
656 2494 749 2538 ficit
773 2496 982 2538 occidenti:
