1592 2898
254 250 343 296 142
460 236 522 305 Q.
589 231 966 291 HORATH
1030 231 1339 280 FLACCI
1425 296 1430 302 ·

245 343 394 386 Pocula
420 341 604 383 Lethaeos
630 352 675 381 ut
700 340 729 380 fi
755 340 933 381 ducentia
959 324 1118 381 somnos

303 407 452 447 Arente
476 400 588 444 fauce
616 403 824 451 traxerim,

248 468 421 509 Candide
453 467 676 513 Maecenas,
706 464 847 507 occidis
876 462 976 519 saepe
998 462 1198 518 rogando:

304 529 442 578 Deus,
471 529 586 570 Deus
613 541 702 568 nam
728 541 792 568 me
813 539 947 577 vetat,

249 592 460 646 Inceptos,
485 591 578 631 olim
605 588 831 644 promiffum
856 601 1039 639 carmen,
1064 587 1222 630 lambos

303 654 366 695 Ad
391 653 616 694 umbilicum
645 651 849 693 adducere.

248 715 345 756 Non
368 714 477 754 aliter
504 712 635 754 Samio
663 711 794 754 dicunt
819 710 943 753 arfiss‘e
964 709 1152 764 Bathyllo

305 779 559 819 Anacreonta
576 777 718 818 Teium
732 789 744 824 3

251 839 340 894 Qui
365 839 536 894 persaepe
561 853 658 881 cava
684 837 873 878 oestudine
898 835 1008 877 flevit
1023 846 1197 876 amorem
1210 863 1225 884 ,
1269 849 1279 863 ·

305 903 400 943 Non
429 902 670 942 elaboratum
701 901 747 940 ad
775 900 923 954 pedem.

252 967 387 1008 Ureris
410 965 489 1020 ipse
514 963 786 1016 miserz'quod
811 962 841 1002 st
870 974 952 1003 non
975 961 1170 1016 pulchrior
1199 959 1298 1015 ignis

307 1027 494 1068 Accendit
518 1024 703 1066 obseffam
727 1023 828 1064 Ilion
845 1053 857 1071 ,

253 1090 392 1131 Gaude
410 1088 513 1129 sorte
535 1098 628 1136 tua;
653 1098 715 1126 me
741 1085 954 1136 libertina„
973 1096 1101 1139 neque
1128 1095 1213 1125 uno

307 1154 506 1196 Contenta
520 1183 533 1204 ‚
557 1151 716 1204 Phryne
739 1160 921 1191 macerat.

719 1319 933 1369 ODE‘
976 1321 1088 1369 XV.

403 1469 512 1511 AD
565 1464 957 1509 NEAERAM
1016 1462 1392 1510 AMICAM.

498 1603 587 1642 Non
606 1600 788 1655 firvatam
811 1600 858 1639 ab
885 1613 926 1639 ea
935 1600 1046 1653 fidem
1065 1598 1294 1651 conqueritur.

260 1693 402 1769 Nox
426 1730 531 1768 erat,
557 1720 600 1760 δι
619 1717 725 1759 coelo
754 1713 926 1770 fulgebat
949 1713 1060 1755 Luna
1084 1713 1220 1755 sereno

312 1786 419 1826 Inter
443 1785 597 1824 minora
620 1780 767 1827 sidera,

261 1847 365 1888 Cum
394 1857 439 1887 tu
455 1875 467 1894 ‚
499 1854 732 1897 magnorum
759 1851 903 1881 numen
928 1835 1064 1879 laesura
1086 1834 1299 1883 Deorum5

316 1910 364 1950 In
384 1908 506 1950 verba
524 1905 684 1960 jurabas
705 1916 811 1953 mea,

264 1973 421 2015 Arffius
441 1983 559 2025 atque
589 1968 734 2010 hedera
757 1978 923 2022 procera
943 1962 1189 2018 adstringitur
1215 1960 1295 2001 ilex

318 2034 448 2075 Lentis
483 2033 683 2074 adhaerens
706 2027 892 2070 brachiis:

264 2096 377 2138 Dum
402 2096 534 2151 pecori
554 2096 693 2149 lupus,
728 2092 770 2133 &
793 2090 923 2151 nautis
941 2087 1098 2130 infestus
1119 2086 1250 2128 Orion

319 2156 516 2200 Turbaret
545 2157 750 2198 hibernum
780 2159 911 2200 mare,

266 2221 524 2275 Intonsosque
553 2220 717 2275 agitaret
741 2216 934 2272 Apollinis
956 2226 1051 2255 aura
1081 2210 1272 2266 capillos3

321 2287 424 2326 Fore
443 2286 549 2326 hunc
571 2294 747 2325 amorem
772 2291 971 2323 mutuum.

268 2347 310 2389 Ο
332 2348 498 2388 dolitura
519 2360 606 2386 mea
631 2344 797 2386 multum
824 2343 969 2383 virtute
996 2339 1164 2380 Neaera:

323 2409 425 2448 Nam
452 2407 481 2447 fi
504 2407 600 2461 quid
620 2406 659 2445 in
683 2405 823 2446 Flacco
849 2402 924 2444 viri
946 2401 1024 2450 est,

269 2472 366 2513 Non
386 2470 484 2511 feret
505 2468 667 2509 affiduas
693 2465 835 2520 potiori
861 2475 900 2506 te
921 2464 1009 2505 date
1034 2461 1167 2504 noctes
1181 2491 1193 2512 ‚

329 2537 376 2577 Et
402 2545 551 2590 quaeret
586 2533 706 2573 iratus
731 2542 886 2585 parem3

1476 766 1536 814 ἰα

1487 1095 1534 1137 ¹5

1453 2281 1589 2330 .¹9·
