1592 2898
1262 59 1270 82 ³

272 220 379 258 ‘110
493 213 556 282 Q·
609 213 983 265 HORATII
1027 219 1344 272 FLACCI

278 315 404 357 Duris
434 328 478 357 ut
496 317 573 359 ilex
599 319 709 361 tonsa
737 322 969 376 bipennibus

278 377 410 431 Nigrae
440 380 556 422 feraci
579 380 724 424 frondis
744 385 785 424 in
815 385 983 440 Algido,

330 442 402 483 Per
430 443 569 484 damna
584 475 597 491 ‚
616 457 684 499 per
706 447 854 498 caedes,
878 450 930 490 ab
954 450 1037 506 ipso

384 503 509 546 Ducit
531 519 627 561 opes
658 509 911 566 animumque
932 512 1051 556 ferro.
1106 559 1109 562 ,

274 610 369 653 Νοη
391 613 533 666 Hydra
554 614 658 658 secto
680 631 850 673 corpore
877 620 1029 664 firmior

222 692 225 695 ·
276 677 391 718 Vinci
416 678 609 721 dolentem
636 683 762 723 crevit
779 683 817 723 in
837 680 1076 737 Herculem

327 740 601 782 Monstrumve
624 742 830 786 submisere
855 746 997 789 Colchi

378 802 534 856 Mnjus,
565 804 816 848 Echioniaeve
840 808 1002 852 Thebae.

269 911 415 952 Merses
437 912 658 966 profundo,
691 914 892 967 pulchrior
912 917 1065 959 evenit:

269 974 453 1025 Ludere,
471 975 592 1015 multa
609 988 773 1029 proruet
796 978 990 1032 integrum

321 1038 427 1080 Cum
448 1039 559 1079 laude
583 1040 800 1087 victorem,
827 1052 1016 1095 geretque

373 1100 523 1143 Proelia.
542 1101 776 1155 conjugibus
800 1101 1010 1157 loquenda.

265 1206 494 1262 Carthagini
515 1207 594 1260 jam
625 1220 709 1248 non
729 1220 806 1262 ego
832 1208 992 1250 nuntios

264 1270 421 1311 Mittam
442 1270 650 1325 superbos:
678 1272 822 1313 occidit
838 1302 852 1320 ‚
877 1273 1021 1314 occidit

317 1331 413 1385 Spes
436 1333 563 1373 omnis
585 1333 627 1374 δι
650 1331 808 1373 fortuna
833 1332 955 1374 nostri

370 1394 576 1445 Nominis,
604 1394 842 1435 Hasdrubale
869 1397 1093 1440 interemtm

571 1454 574 1457 “
896 1456 901 1472 Ι

261 1496 326 1537 Nil
348 1497 522 1538 Claudiae
551 1511 632 1539 non
652 1497 853 1553 perficient
872 1512 1035 1542 manus:

261 1559 378 1614 Quas
412 1561 453 1601 δι
481 1561 651 1615 benigno
685 1563 845 1603 numine
873 1563 1053 1618 Iuppiter

311 1621 526 1673 Defendit,
558 1624 599 1664 δι
621 1637 726 1664 curae
752 1623 903 1679 sagaces

363 1683 584 1738 Expediunt
607 1697 676 1739 per
701 1696 814 1727 acuta
839 1684 941 1726 belli.

734 1881 929 1928 ODE
981 1882 1040 1929 V.

555 2041 665 2082 AD
733 2041 1244 2084 AUGUSTUM.

438 2187 494 2225 Ut
516 2184 555 2225 in
586 2185 714 2225 Urbem
737 2185 992 2239 quamprimum
1017 2200 1033 2224 e
1061 2183 1197 2226 Galliis
1216 2179 1342 2227 redear.
1402 2177 1407 2183 ¹

248 2294 418 2367 D1vis
438 2333 526 2363 orte
548 2323 688 2372 bonis,
710 2324 858 2378 optime
872 2322 1069 2372 *Romulae

246 2383 388 2426 Custos
410 2387 559 2440 gentis,
588 2387 678 2426 abes
698 2385 778 2438 jam
806 2386 968 2425 nimium
988 2385 1073 2428 diu:

248 2447 451 2490 Maturum
475 2449 638 2490 reditum
665 2449 858 2503 pollicitus
879 2448 1038 2488 Parrum

544 2505 687 2551 San&o
710 2509 877 2551 concilio
892 2538 903 2559 ‚
927 2509 1018 2550 redi.
1084 2563 1088 2566 Ι

1492 1289 1547 1332 70

1455 1638 1579 1681 75.
