1592 2898
290 253 295 256 “
359 248 844 298 sER'MoNuM
891 249 1037 297 Lm.
1091 251 1128 297 1.
1183 244 1187 245 *
1284 244 1371 312 ιε’,

111 357 265 414 Atym
282 357 485 400 meretrice
499 370 632 412 potes,
646 357 856 412 ‘Davoque
883 339 1096 399 Chremeta
1172 364 1177 369 ·
1320 368 1378 408 40

112 418 444 460 Eumne-senem
454 450 469 469 ,
492 420 616 461 cornis
632 420 775 474 garrire
798 418 946 459 libellos
956 448 971 466 ‚

109 481 227 523 Unus
241 481 455 530 vivorum,
474 481 671 522 Fundani:
698 481 824 522 Pollio
846 493 985 534 regum

12 574 31 604 ·.
110 544 228 586 Fafla
242 545 368 593 canit3
390 546 565 600 pedeter
582 544 781 599 percuffo:
804 543 908 586 forte
931 545 1036 599 Epos
1056 559 1169 596 acer,

110 606 169 648 Ut
191 619 327 655 nemo,
346 607 491 648 Varius
506 608 632 648 ducit:
660 606 779 647 molle
801 617 919 661 atque
937 606 1107 649 facetum

109 669 283 723 Virgilio
304 682 525 712 annuerunt
541 669 749 723 gaudentes
766 682 858 710 rure
876 669 1074 711 Canum
1322 681 1374 724 45

109 731 204 772 Hoc
223 742 327 780 erat,
345 743 509 786 experto
526 730 663 772 fruflra
681 732 867 772 Varrone
888 732 1085 780 Atacino,

109 793 244 847 Atque
256 793 482 848 quibusdam
499 794 609 842 aliis,
634 794 771 835 melius
790 794 903 847 quod
918 794 1083 839 scribere
1096 794 1241 850 poffem
1255 825 1270 845 ‚

109 850 320 896 Inventore
343 856 494 896 minor:
516 868 647 909 neque
662 868 741 909 ego
764 855 819 896 illi
843 856 1044 897 detrahere
1059 856 1181 897 ausim

108 915 333 957 umentem
352 918 468 971 mpiti
490 917 610 958 multa
632 930 722 959 cum
745 918 859 959 laude
879 931 1081 959 coronam.

111 978 170 1019 At
189 979 268 1019 dixi
288 980 409 1021 fluere
426 981 534 1022 hune
549 981 779 1021 lutulentum
794 1011 806 1027 ‚
842 980 943 1035 saepe
962 982 1147 1022 ferentem
1328 996 1378 1037 50

111 1040 225 1090 Plura
243 1044 403 1095 quidem
423 1044 591 1084 tollenda
613 1044 892 1097 relinquendis?
915 1045 1002 1097 Age
1013 1074 1028 1091 ,
1046 1043 1205 1097 quaeso,

113 1104 181 1145 Tu
203 1105 297 1144 nihil
315 1107 355 1148 in
378 1119 521 1159 magno
545 1105 683 1146 ‹1on
706 1106 899 1158 reprendis
919 1104 1133 1145 Homero}

111 1165 179 1207 Nil
196 1167 322 1208 comis
342 1169 476 1221 tragici
494 1179 618 1208 mutat
643 1168 812 1208 Lucilius
832 1167 948 1209 Affl?

113 1227 206 1270 Non
226 1230 323 1270 ridet
342 1231 474 1272 versus
497 1232 599 1272 Enni
621 1232 811 1285 gravitate
831 1232 1023 1280 minores,

9 1295 26 1317 ¹
110 1288 217 1330 eum
231 1291 279 1331 de
295 1291 542 1345 seloquitur‚
565 1306 646 1333 non
672 1304 718 1334 ut
740 1292 888 1344 majore
900 1291 1116 1346 {epi-ensis?
1329 1304 1380 1348 55

113 1351 227 1404 Quid
242 1365 372 1402 vetat,
387 1356 431 1397 δι
450 1354 600 1396 nosmet
617 1356 740 1396 Lucili
757 1355 896 1409 scripta
916 1356 1085 1410 legentes
1097 1386 1114 1403 ‚

114 1413 310 1467 Quaerere
330 1430 424 1458 num
449 1418 573 1466 illius,
595 1431 689 1459 num
712 1431 841 1459 rerum
862 1419 959 1459 dura
981 1419 1130 1473 negarit

113 1475 338 1518 Ver-ficales
356 1492 497 1520 natura
519 1482 638 1533 magis
655 1479 776 1521 fastos
787 1511 799 1527 ‚
820 1480 863 1521 &
880 1492 1019 1522 euntes
1162 1530 1172 1538 ι

112 1535 297 1587 Momm,
319 1553 366 1581 ac
384 1540 414 1581 fi
433 1544 523 1596 quis
538 1543 697 1597 pedibus
712 1543 803 1597 quid
820 1544 996 1584 claudere
1017 1543 1138 1593 senis,

112 1597 206 1639 Hoc
227 1611 376 1642 tantum
400 1615 607 1644 contentus
620 1634 634 1652 ‚
658 1617 760 1645 amet
779 1604 958 1658 scripfiffe
974 1606 1166 1647 ducentos
1323 1607 1378 1651 60

113 1659 223 1700 Ante
235 1661 365 1702 cibum
379 1662 534 1713 versus,
549 1666 711 1705 totidem
730 1678 928 1716 coenatus3
949 1667 1132 1708 Hetrusci

115 1720 251 1774 Quale
269 1722 341 1764 fuit
357 1725 465 1766 Cassi
484 1728 622 1781 rapido
641 1727 853 1770 ferventius
874 1731 979 1770 amni

112 1781 340 1836 Ingenium,
364 1787 486 1840 oepfis
506 1802 623 1842 quem
644 1789 743 1830 fama
766 1791 820 1831 est
839 1791 913 1833 effe
930 1792 1112 1847 librisque

113 1843 346 1886 Ambustum
372 1849 549 1901 propriis.
572 1849 703 1890 Fuerit
730 1851 900 1891 Lucilius
914 1883 927 1899 ,
951 1853 1132 1906 inquam,

113 1904 254 1946 Cumis
271 1906 316 1947 δι
335 1908 531 1958 urbanus3
554 1908 668 1951 fuerit
684 1911 856 1952 limatior
877 1912 1003 1960 idem,
1324 1918 1377 1972 65

115 1964 254 2019 Quam
274 1969 403 2016 rudis,
422 1969 466 2009 δι
485 1969 636 2010 Graecis
658 1970 788 2010 intaffi
809 1972 988 2012 carminis
1007 1972 1166 2024 auflor,

114 2025 331 2083 Quamque
350 2029 555 2071 Poetarum
581 2030 774 2072 seniorum
794 2033 931 2072 turba:
956 2032 1017 2073 sed
1039 2035 1124 2083 ille,

115 2088 159 2130 Si
182 2088 284 2131 foret
306 2092 383 2132 boc
400 2091 573 2132 nostrum
597 2092 682 2135 fato
703 2094 849 2134 delatus
866 2095 905 2134 in
926 2102 1056 2135 aevum
1073 2126 1086 2144 ,

115 2148 323 2192 Detereret
345 2152 413 2192 fibi
434 2154 580 2202 multa3
599 2155 782 2195 recideret
805 2169 924 2196 omne
938 2187 954 2203 ‚
980 2159 1086 2211 quod
1110 2158 1209 2201 ultra

116 2209 329 2252 Perfectum
356 2215 598 2265 traheretur3
622 2216 664 2256 δε
682 2217 723 2256 in
748 2217 864 2258 versu
884 2217 1060 2260 faciendo
1320 2237 1375 2278 70

118 2271 231 2326 Sape
249 2287 366 2326 caput
384 2276 579 2326 scaberet,
597 2279 716 2331 vivos
737 2280 779 2319 δι
799 2280 952 2320 roderet
977 2295 1140 2336 ungues.

117 2331 230 2385 Saepe
249 2335 372 2376 stilum
395 2351 547 2389 vertas,
568 2341 707 2380 iterum
720 2371 733 2388 ‚
755 2354 845 2395 quae
863 2342 975 2396 digna
999 2344 1075 2397 legi
1093 2345 1191 2396 fint,

118 2392 357 2447 Scripturas3
381 2412 531 2454 neque,
551 2413 590 2442 te
608 2414 653 2442 ut
679 2404 837 2444 miretur
857 2405 996 2455 turba,
1017 2407 1195 2457 labores,

119 2455 340 2515 Contentus
362 2463 494 2513 paucis
510 2462 729 2505 leaoribus.
756 2466 821 2506 An
843 2478 911 2507 tua
936 2467 1092 2510 dernens

118 2517 275 2561 vilibus
298 2521 339 2562 in
357 2522 455 2565 ludis
474 2524 605 2566 dietari
628 2527 797 2569 carmina
816 2528 954 2570 malis?
1321 2548 1375 2590 73

1032 2607 1079 2648 Μ
1107 2621 1133 2657 4
