1592 2898
357 201 843 292 SERMONUM
900 241 1047 292 mn.
1097 244 1133 291 ι
1302 261 1387 309 173

133 347 243 404 Saepe
265 348 328 390 daz
346 348 509 403 indignis
522 380 534 399 ‚
558 350 601 391 δι
621 349 735 391 famae
758 349 874 391 servit
894 350 1072 404 ineptum

132 412 223 466 Qui
245 411 371 468 stupet
386 414 427 454 in
445 414 564 454 titulis
583 414 627 455 &
650 415 895 468 imaginibus.
922 413 1035 468 Quid
1054 422 1211 468 oportet

132 473 220 516 Nos
246 473 398 523 fanu-e,
420 489 445 516 a
466 477 590 530 vulgo
610 476 728 530 longe
743 477 897 533 lateque
918 476 1118 518 remotos?

127 534 312 589 Namque
332 535 439 585 esto,
459 537 630 591 populus
650 536 816 578 Laevino
842 537 973 578 mallet
995 537 1190 578 honorem

134 595 273 651 Quam
293 597 423 639 Decio
452 599 632 639 mandare
653 601 796 640 novo?
823 598 1039 654 censorque
1061 609 1241 640 moveret
1343 611 1397 641 20

133 657 310 711 Appius,
333 658 510 712 ingenuo
529 658 558 699 fi
576 671 658 699 non
677 657 791 700 effem
817 670 928 712 patre
955 658 1099 700 natus?

132 719 213 760 Vel
237 720 403 768 merito;
435 721 620 773 quoniam
644 720 683 759 in
701 720 859 774 propria
883 733 965 761 non
987 721 1087 774 pelle
1111 719 1307 776 quieffem.
1321 741 1369 752 —

132 778 209 821 Sed
230 778 402 835 fulgente
424 781 538 822 trahit
563 781 791 822 conflrifios
812 781 937 836 gloria
957 794 1076 823 curru
1143 814 1148 817 .

133 841 230 884 Non
252 843 555 900 minusjgnotoe
574 842 781 897 generofis.
809 865 857 874 —
882 843 984 898 Quo
1000 844 1096 892 tibi,
1121 844 1255 894 Tulli,

135 903 296 945 Sumere
314 905 529 959 depositum
550 906 732 955 clavum,
755 905 918 959 fierique
935 905 1123 948 tribuno?
1346 919 1397 962 ας

137 966 289 1008 Invidia
307 970 479 1010 acoeevit
491 997 504 1016 ‚
530 969 689 1022 privato
714 982 805 1023 quae
825 970 956 1009 minor
973 968 1078 1009 effet.

138 1029 240 1070 Nam
259 1039 305 1070 ut
326 1030 491 1084 quisque
509 1030 661 1071 insanus
683 1031 803 1085 nigris
823 1033 991 1073 medium
1010 1031 1184 1086 impediit
1205 1045 1297 1075 crus
1327 1059 1335 1068 ·

138 1089 328 1138 Pellibus,
347 1091 390 1132 δι
415 1091 534 1131 latum
559 1090 706 1131 demifit
729 1092 887 1145 ρεᾶοτε
911 1093 1097 1141 clavum,

140 1151 492 1194 Audit-continuo:
515 1152 622 1207 Quis
642 1154 766 1194 homo
789 1155 875 1196 hic?
901 1155 968 1202 δι,
988 1153 1092 1208 Quo
1109 1166 1218 1209 patre
1234 1155 1374 1198 natus?

140 1212 200 1254 Ut
218 1213 249 1254 fi
270 1215 340 1268 qui
366 1225 551 1268 agi-oret,
575 1227 660 1269 quo
681 1215 823 1257 morbo
841 1215 1008 1263 Barrus,
1030 1217 1161 1257 haberi
1353 1231 1403 1274 30

103 1304 108 1309 -
142 1276 193 1317 Et
213 1276 346 1331 cupiat
369 1275 586 1325 formosus3
606 1287 670 1317 ατ
695 1290 953 1331 quacunque,
981 1277 1117 1331 puellis
1319 1274 1327 1280 ’

143 1335 298 1389 lnjiciat
321 1349 456 1378 curam
483 1337 682 1390 quaerendi
705 1337 875 1391 lingula,
899 1339 1006 1393 quali

142 1397 200 1438 Sit
218 1398 338 1446 facie,
366 1398 602 1451 sanquali,
627 1399 747 1452 pede,
769 1400 909 1447 dente,
930 1400 1093 1454 capillo:

139 1457 205 1500 sie
224 1460 292 1514 qui
316 1461 530 1513 promittit,
553 1461 688 1510 cives,
712 1462 849 1502 urbem
876 1461 946 1503 fibi
966 1475 1098 1513 cum,

141 1519 348 1574 Imperium
366 1520 482 1569 fore,
507 1521 679 1572 ltaliam,
706 1525 749 1564 δι
771 1523 931 1565 delubra
954 1523 1157 1575 Deorum3
1351 1541 1406 1583 33

141 1581 247 1635 Quo
268 1595 376 1637 patre
399 1583 445 1623 fit
465 1596 599 1633 natus,
613 1597 709 1624 num
731 1586 874 1637 ignota·
894 1598 1017 1627 matre
1038 1586 1289 1635 inhonestus,

142 1638 294 1686 omnes
315 1647 499 1687 mortales
520 1658 657 1687 curare
677 1648 719 1688 δι
738 1661 913 1701 quaerere
930 1649 1047 1703 cogit.
1065 1671 1113 1681 -

142 1705 261 1747 Tune
278 1707 394 1760 Syri,
422 1707 561 1748 Dama
578 1739 591 1758 ,
615 1721 683 1749 aut
703 1709 880 1762 Dionysi
898 1710 1027 1759 filius,
1047 1713 1169 1754 audes

76 1808 79 1810 ,
141 1764 325 1820 Dejioere
342 1781 366 1808 e
386 1767 479 1809 saxo
499 1770 629 1818 cives,
647 1781 716 1811 aut
734 1772 885 1812 tradere
906 1771 1083 1815 Cadmo?
1098 1794 1145 1805 —

142 1829 202 1870 At
220 1831 378 1872 Novius
394 1833 548 1887 collega
571 1835 692 1887 gradu
719 1835 805 1887 post
829 1849 896 1893 me
918 1835 1021 1877 sedet
1040 1851 1151 1879 uno:
1348 1851 1405 1888 4ο

141 1891 325 1945 Namque
339 1893 394 1934 est
406 1894 492 1942 ille,
514 1908 624 1948 pater
635 1898 744 1949 quod
758 1909 840 1937 erat
858 1911 983 1939 meus.
997 1921 1043 1930 —
1057 1900 1151 1941 Hoc
1165 1900 1231 1941 tihi
1249 1898 1405 1942 Paullus

141 1950 195 1994 Et
213 1954 372 1996 Mefl‘ala
388 1956 558 1997 videtis?
580 1958 637 1998 At
653 1959 737 2005 hic,
758 1957 787 1998 fi
802 1957 945 2013 plostra
962 1960 1127 2002 ducenta

143 2014 469 2072 Conmrrantque
485 2017 576 2059 foro
599 2019 673 2059 tria
702 2018 864 2068 funera,
892 2034 1033 2075 magna
1050 2022 1199 2064 sonabit

144 2073 308 2118 Cor-mia
329 2080 437 2133 quod
456 2081 664 2136 vincatque
683 2083 814 2123 tubas:
838 2082 970 2124 saltem
981 2090 1098 2126 'tenet
1114 2086 1195 2129 hoc
1216 2098 1302 2127 nos.
1316 2105 1363 2118 -·

146 2136 904 2198 Nuncadmeredeo,libertinopatre
926 2157 1088 2187 natum:
1350 2159 1401 2201 45

146 2200 284 2254 Quem
301 2205 444 2245 rodunt
467 2218 605 2246 omnes
623 2207 806 2248 libertino
827 2218 937 2260 patre
961 2220 1119 2250 natum:

149 2261 286 2311 Nunc,
306 2265 420 2318 quia,
443 2267 661 2317 Maecenas,
682 2268 750 2308 tibi
770 2268 853 2309 sum
873 2271 1102 2320 conviston
1125 2279 1169 2311 at
1187 2272 1306 2320 olim,

150 2323 278 2377 Quod
304 2327 393 2366 mihi
418 2340 570 2381 pareret
589 2330 691 2382 legio
714 2330 893 2372 Romana
911 2333 1087 2373 tribuno.

116 2383 336 2440 «Diffimile
358 2387 435 2428 boe
450 2388 506 2428 illi
526 2389 600 2430 est:
619 2391 819 2443 quia-non
837 2404 882 2433 ut
899 2392 1012 2434 ἔοι-ῆι,
1026 2394 1219 2435 honorem

3 2455 21 2459 *s
104 2443 110 2452 ”
147 2443 242 2487 Iure
262 2447 352 2486 mihi
372 2448 540 2489 invideat
566 2451 717 2502 quivis,
733 2453 789 2492 ita
813 2464 853 2494 te
870 2467 1035 2508 quoque
1055 2457 1249 2504 amicum
1356 2467 1405 2510 ςο

147 2505 358 2550 Praesertim
379 2521 539 2552 cautum
557 2512 695 2567 dignos
713 2514 925 2567 affumete,
948 2529 1071 2572 prava
