1592 2898
0 0 3 55 i

0 203 27 353 f

357 208 448 255 DE
475 207 533 283 Q.
568 205 853 255 HORATIO
885 201 1138 250 FLACCO.
1312 210 1388 248 LV

125 299 226 349 1607
250 334 257 347 ,
278 296 382 348 Opp.
399 294 448 335 ab
470 292 720 335 obscoenitate
741 300 962 342 expurgata.
987 291 1098 332 Antv.
1122 288 1160 328 8.

119 351 331 401 ——Q
358 349 408 390 H.
429 347 471 389 F.
497 346 735 388 Emblemata
761 345 991 396 imaginibus
1014 357 1088 384 aere
1114 341 1237 382 incisis
1263 339 1390 381 notis-

279 416 354 455 que
381 401 588 442 illustratae
619 400 741 440 studio
771 399 868 440 Oth.
899 401 1024 439 Voenii.
1050 394 1163 438 Ant'v.
1187 408 1255 447 per
1276 394 1389 436 Hier.

283 455 505 496 Verduffon.
524 470 562 505 4.
846 484 849 487 -

126 510 225 552 ι608
280 512 331 562 Q.
356 511 405 552 H.
425 509 466 550 F.
492 521 581 549 cum
605 507 756 548 erudito
779 506 918 548 Laevini
946 505 1112 547 Torrentii
1130 515 1273 544 comm.
1293 503 1388 543 item

281 565 321 605 P.
334 564 472 604 Nannii
489 575 632 602 comm.
655 561 695 601 in
710 563 845 601 ⁴Artem
869 561 1071 612 poeticam.
1093 560 1204 599 Antv.
1223 570 1270 598 ex
1284 556 1387 597 offic.

279 616 443 659 Plantin.
466 629 527 667 ap.
547 616 610 666 Jo.
632 615 827 656 Moretum
840 644 853 663 ‚
873 630 909 661 4.
933 613 1035 654 Inter
1054 613 1249 664 principes
1269 609 1390 651 habe·

281 680 343 711 tur
362 671 404 713 L.
418 670 640 712 Torrentius
660 670 765 722 (van
786 669 853 709 der
870 667 1051 721 Becken)
1077 666 1143 717 Ep.
1163 667 1276 707 Antv.
1297 674 1390 705 tan-

282 726 374 766 dem
406 723 636 775 Archiepisc.
660 722 795 765 Malin.
826 721 1061 772 designatus,
1084 733 1164 760 non
1193 719 1318 760 solum
1344 726 1390 758 ut

280 779 436 819 criticus
453 777 672 829 diligentior
683 785 832 817 textum
847 775 950 826 vulg.
965 777 1005 815 in
1020 773 1246 815 comm..suo
1259 785 1390 812 emen-

282 834 390 873 davit
411 834 447 873 &
463 831 649 872 recensuit
667 831 716 870 ad
737 830 854 870 fidem
876 829 1020 881 aliquot
1039 828 1164 870 Codd.
1187 826 1252 868 sed
1272 827 1389 867 etiam

282 899 355 938 pro
383 886 531 938 egregia
559 884 622 925 sua
649 884 946 932 Grammatices‚
973 883 1206 933 antiquitatis
1234 881 1388 930 omnis,

280 941 400 980 etiam
427 941 520 990 juris
542 939 689 990 antiqui
714 939 851 990 peritia
869 938 1072 979 Horatium
1098 945 1233 989 praeter
1256 937 1390 976 Artem

284 1002 387 1044 poet.
411 993 630 1042 illustravit;
661 993 873 1034 desiderant
900 1000 1030 1031 tamen
1060 990 1252 1041 elegantes
1273 990 1312 1028 in
1339 1001 1386 1029 eo

281 1047 429 1087 sensum
447 1047 653 1098 poeticum.
676 1046 819 1087 Nannii
838 1058 980 1085 comm.
996 1046 1038 1083 in*
1051 1046 1178 1086 Artem
1198 1052 1303 1095 poet.
1320 1043 1391 1084 do-

283 1101 463 1141 &iffimus
484 1101 654 1150 adjectus
677 1101 730 1140 est
752 1100 864 1139 instar
888 1098 1153 1150 supplementi.

285 1155 387 1206 Opp.
407 1165 630 1205 expurgata.
649 1154 821 1205 Friburgi
844 1154 956 1194 Helv.
980 1153 1018 1193 8.
1068 1154 1070 1156 ’

285 1207 336 1258 Q.
363 1208 412 1248 H.
436 1207 480 1248 F.
509 1221 554 1248 ex
583 1207 661 1248 fide
688 1217 780 1248 vett.
806 1206 931 1248 Codd.
952 1205 1125 1248 Witteb.
1145 1205 1248 1258 typis
1277 1205 1389 1247 Laur.

161 1304 164 1307 ,
285 1260 517 1303 Seuberlich.
540 1262 576 1302 8.
747 1291 749 1293 -

123 1314 423 1356 ——Bondii
442 1315 554 1355 nobis
568 1314 637 1356 111.
662 1314 828 1356 Londin.
851 1314 912 1363 Jo.
928 1315 1090 1356 Norton.
1116 1313 1155 1355 8.

122 1368 388 1419 ——Opp.
408 1381 459 1409 ex
481 1369 579 1410 offic.
601 1367 763 1409 Plantin.
786 1369 898 1409 Antv.
923 1382 983 1408 12.

51 1459 54 1465 .
126 1423 227 1477 1609
280 1423 368 1465 Nic.
382 1423 571 1475 Fnfilzlini
587 1424 627 1462 in
637 1421 790 1474 Epistol.
805 1422 941 1463 Libros
956 1422 1006 1463 11.
1031 1420 1208 1462 Francos.
1223 1420 1262 1464 8.
1282 1413 1388 1475 Typ.
1435 1474 1441 1482 .

283 1476 368 1517 Nic.
386 1476 613 1518 Hofmanni.

121 1531 321 1570 2-—-—›&
352 1531 450 1571 1610
472 1531 599 1581 Opera
625 1543 714 1571 cum
737 1531 837 1571 notis
856 1530 953 1571 Dan.
974 1530 1133 1572 Heinfii.
1157 1528 1280 1580 Lugd.
1303 1529 1388 1571 Bat.

135 1615 138 1618 .
284 1596 347 1634 ap.
367 1583 606 1636 Rapheleng.
634 1585 672 1625 8.
1374 1600 1380 1603 ’

125 1636 227 1678 1610
279 1637 326 1678 ln
341 1637 390 1688 Q.
406 1638 513 1682 H.F.
536 1646 713 1690 poemata
735 1638 865 1678 omnia
886 1650 1012 1678 rerum
1032 1649 1078 1677 ac
1098 1637 1304 1678 verborum
1324 1636 1393 1677 In-

283 1691 359 1730 dex
391 1691 558 1743 duplex,
577 1693 697 1732 studio
729 1692 788 1740 Jo.
816 1693 909 1732 Petr.
938 1693 1071 1741 Tanii,
1097 1691 1244 1742 Eugub.
1268 1690 1393 1731 colle·

283 1746 387 1791 ctus,
414 1748 449 1786 δι
473 1758 575 1785 nune
594 1749 760 1797 primum
783 1746 930 1796 editus3
955 1746 1058 1797 apud
1080 1745 1212 1787 hered.
1235 1744 1391 1787 Pacifici

279 1798 419 1838 Pontii.
441 1799 606 1840 Mediol.
625 1800 662 1840 8.

121 1859 373 1890 -‘——-c'um
391 1854 525 1893 Mureti
543 1856 579 1893 ἃ
591 1855 750 1894 Manum
767 1853 1090 1894 annotationibus.
1112 1853 1236 1907 Lugd.
1258 1852 1297 1894 8.

282 1905 423 1947 Bondii
442 1906 504 1947 IV.
531 1907 682 1948 Hanov.
704 1921 765 1959 ap.
784 1908 938 1948 Guiliel.
954 1909 1178 1948 Antonium.
1200 1907 1239 1947 8.

119 1972 331 1999 -—-—ex
352 1961 442 2001 edit.
460 1960 613 2003 Theod.
627 1963 837 2009 Pulmanm',
855 1961 1017 2002 Craneb.
1036 1962 1149 2002 Antv.
1170 1962 1229 2003 16.

282 2013 351 2054 Ars
373 2023 478 2066 poet.
499 2026 533 2054 c.
559 2015 655 2055 trad.
675 2015 758 2056 Ital.
780 2019 886 2066 scip.
910 2017 1037 2070 Pange.
1061 2016 1181 2066 Neap.
1203 2029 1244 2065 4.

125 2066 222 2105 1611
283 2067 499 2117 Cruquiana
515 2069 606 2116 Vll,
623 2081 669 2108 ex
684 2069 750 2108 off.
769 2069 925 2110 Plantin.
939 2069 1101 2120 Raphel.
1116 2085 1152 2118 4.
1180 2082 1264 2119 quae
1281 2070 1389 2121 claffi-

282 2119 333 2161 ω’
345 2122 505 2162 habetur
521 2125 556 2163 &
573 2124 700 2163 rarior.
723 2124 837 2163 Adest
858 2122 949 2163 vero
972 2126 1011 2163 in
1033 2123 1130 2163 Bibl.
1151 2123 1288 2174 Gymn.
1306 2123 1388 2173 Bip.

284 2174 327 2215 In
346 2177 462 2226 Corp.
479 2184 582 2227 poet.
590 2177 686 2217 Latt.
700 2179 761 2217 ed.
775 2177 823 2218 ΙΙ.
840 2177 961 2218 Aurel.
979 2177 1122 2218 Allobr.
1135 2177 1271 2216 excud.
1286 2178 1386 2218 Sam.

283 2228 502 2279 Crispinus,
521 2246 557 2278 4.
583 2230 668 2272 Vol.
685 2231 724 2275 Ι,
747 2244 785 2282 p.
800 2231 880 2281 748
897 2255 940 2262 —
956 2231 1047 2272 822.

282 2282 368 2322 Nic,
383 2285 514 2323 Colonii
526 2284 736 2334 Responsio
752 2284 928 2324 adversus
943 2284 1145 2325 absurdam
1161 2283 1389 2324 sententiam

284 2337 370 2376 Ant.
388 2336 599 2379 Riccoboni
620 2339 669 2378 de
683 2340 826 2378 Horatii
842 2338 971 2378 libello
995 2340 1044 2378 ad
1058 2338 1208 2379 Pisones
1225 2338 1274 2378 de
1296 2350 1391 2389 poe·

283 2389 370 2428 tica.
396 2390 494 2441 Typ.
513 2392 664 2431 Comini
685 2392 878 2433 Venturae.
897 2393 1096 2444 Bergomi‚
1122 2407 1159 2442 4.

283 2442 420 2482 Bondii
439 2445 481 2484 V.
506 2445 697 2494 Londini,
718 2445 756 2485 8.

117 2507 368 2537 ——cum
386 2497 486 2538 notis
511 2498 593 2546 jae.
617 2501 769 2553 Cruquii.
792 2498 957 2541 Londin.
975 2513 1044 2552 per
1069 2500 1131 2548 Jo.
1154 2499 1318 2541 Norton.
1344 2497 1385 2546 8,

1062 2563 1141 2612 d4
