1592 2898
209 214 304 265 168
415 216 476 286 Q·
542 211 912 264 ΗοΒΑτ-Ῑῐ
976 211 1289 264 FLAcc1

206 321 307 375 Que
332 334 356 361 a
377 334 502 374 puero
536 321 616 369 est,
641 321 834 376 causaque
858 335 943 364 mea
968 324 1157 377 permulta
1186 332 1347 379 rogatus

205 380 334 431 Fecit3
363 384 404 423 δι
424 383 632 423 incolumis
650 383 767 424 laetor
793 384 902 438 quod
921 385 1022 426 vivit
1048 385 1088 425 in
1111 386 1226 428 urbe:

204 445 278 485 Sed
300 456 429 486 tamen
460 447 630 487 admiror
647 478 658 496 ‚
686 460 770 501 quo
794 447 910 501 padio
931 447 1117 501 judicium
1145 449 1238 491 illud

203 506 375 560 Fugerit.
397 530 442 538 -
462 508 538 549 Hic
561 509 683 561 nigrae
716 503 850 550 succus
874 507 1169 562 loligini53-baec
1196 508 1252 550 est
1405 517 1482 550 ιοο

203 569 358 621 AErugo
382 582 510 619 mera;
535 571 642 623 quod
682 570 827 610 vitium
850 570 987 624 procul
1012 567 1148 612 abfore
1167 570 1334 620 chartis,

203 630 337 684 Atque
363 632 499 672 animo
528 633 660 686 prius,
683 643 728 673 ut
751 632 780 672 ss
802 633 896 686 quid
920 630 1153 686 promittere
1175 633 1223 674 de
1245 645 1307 674 me

202 692 357 734 Poffum
382 694 482 734 aliud
496 725 508 743 ,
535 707 629 734 vere
652 695 851 748 promitto.
875 695 1052 736 Liberius
1072 694 1100 735 fi

202 753 358 796 Dixero
382 756 500 810 quid,
527 756 556 796 fi
584 756 687 797 forte
715 756 910 810 iocosius,
936 757 1015 798 hoc
1038 757 1132 798 mihi
1156 756 1254 811 juris

108 858 115 867 ἱ
201 815 305 856 Cum
328 819 444 859 venia
465 819 592 859 dabis:
632 817 798 859 insuevit
818 830 927 873 pater
953 819 1126 873 optimus
1147 819 1223 860 hoc
1241 832 1303 861 me
1315 828 1330 868 ‚'
1406 829 1478 874 105

202 880 258 920 Ut
284 879 482 935 fugerem,
512 881 696 935 exemplis
721 881 906 923 vitiorum
938 895 1109 936 quaeque
1136 883 1323 924 notando.

202 941 306 981 Cum
332 956 394 982 me
420 943 667 992 hortaretur,
701 955 840 996 parce,
867 941 1092 996 frugaliter,
1117 954 1234 998 atque

202 1003 388 1045 viverem
415 1006 474 1045 uti
493 1015 701 1046 contentus
716 1018 789 1055 eo,
815 1005 924 1059 quod
946 1005 999 1045 mi
1030 1003 1110 1059 ipse
1129 1003 1309 1059 parasset:

149 1090 153 1093 ·
199 1066 346 1107 Nonne
373 1067 478 1108 vides
493 1096 504 1111 ,
535 1066 626 1107 Albi
648 1079 694 1108 ut
715 1068 815 1108 male
832 1068 949 1108 vivat
974 1066 1103 1108 filius?
1133 1071 1257 1122 u'tque

199 1129 344 1169 Barrus
361 1128 500 1182 inops?
523 1141 710 1183 magnum
731 1130 1008 1170 documentum
1021 1160 1034 1176 ‚
1051 1141 1101 1170 ne
1116 1131 1282 1183 patriam
1294 1141 1377 1171 rem
1401 1139 1476 1170 110
1508 1176 1514 1179 ,

199 1189 365 1232 Perdere
385 1192 472 1244 quis
490 1191 596 1232 velit.
625 1191 665 1232 A
690 1191 798 1245 turpi
821 1192 1034 1232 meretricis
1051 1203 1187 1234 amore

199 1251 304 1293 Cum
335 1254 543 1294 deterreret
558 1284 571 1301 ‚
596 1252 749 1294 Sectani
776 1253 960 1294 diffimilis
985 1252 1044 1294 fis.

200 1316 263 1356 Ne
288 1316 467 1370 sequerer
487 1317 683 1364 moechas,
709 1316 885 1358 conceffa
914 1329 1004 1357 cum
1023 1315 1181 1356 Venere
1205 1315 1264 1356 uti

198 1377 376 1425 Possem,
403 1377 592 1429 Deprensi
617 1391 698 1419 non
726 1378 824 1419 bella
845 1377 900 1419 est
918 1377 1017 1419 fama
1038 1376 1242 1426 Treboni,

199 1438 357 1492 Aiebat.
389 1439 572 1495 Sapiens,
599 1440 726 1480 vitatu
743 1439 918 1493 quidque
936 1439 1060 1493 petitu
1401 1446 1476 1489 ¹¹5

180 1502 254 1543 Sit
283 1503 445 1551 melius,
466 1501 601 1544 causas
622 1502 753 1543 reddet
774 1502 871 1542 tibi:
911 1500 966 1542 mi
991 1500 1079 1541 satis
1100 1498 1180 1548 est,
1201 1497 1230 1539 fi

199 1564 401 1606 Traditum
433 1565 482 1605 ab
513 1565 680 1619 antiquis
700 1576 851 1605 morem
875 1562 1051 1610 servare,
1073 1572 1263 1616 tuamque
1274 1568 1290 1608 ,“

198 1626 308 1668 Dum
329 1627 496 1668 custodis
516 1639 632 1681 eges,
653 1626 774 1666 vitam
798 1624 1021 1678 famamque
1037 1623 1141 1664 tueri

198 1688 444 1730 Incolumem
471 1689 648 1743 poffum:
674 1687 834 1730 simulac
863 1684 1059 1728 duraverit
1084 1695 1178 1726 aetas

198 1751 379 1792 Membra
402 1752 656 1805 animumque
679 1761 790 1791 tuum
802 1781 815 1797 ,
834 1748 942 1790 nabis
961 1748 1040 1790 stne
1057 1746 1217 1789 cortice.
1236 1745 1376 1793 §ieme
1399 1752 1477 1787 κιο

198 1812 412 1869 {formabat
442 1825 611 1868 puerum
636 1812 770 1854 dictis:
795 1812 836 1852 δι
860 1811 943 1852 five
965 1809 1126 1863 iubebat

198 1875 254 1915 Ut
270 1874 438 1917 facerem
460 1874 576 1929 quid,
606 1874 739 1916 Habes
755 1873 956 1915 austorem
971 1902 983 1919 ,
1009 1884 1094 1925 quo
1111 1869 1230 1912 facias
1257 1868 1358 1918 hoc;

199 1938 333 1980 Unum
351 1951 400 1978 ex
425 1936 617 1990 judicibus
641 1935 787 1976 selectis
813 1934 1056 1988 objiciebatt

200 1999 291 2040 Sive
314 1999 502 2046 vetabat,
533 1998 601 2039 An
627 1997 704 2039 hoc
725 1995 972 2038 inhonestum
993 1995 1035 2036 δι
1058 1993 1191 2035 inutile
1215 1991 1360 2034 faRum

198 2054 334 2103 Necne
356 2063 402 2102 fit
417 2093 430 2109 ,
450 2062 668 2104 addubites.
698 2060 835 2114 flagret
854 2070 1019 2101 rumore
1038 2056 1143 2099 malo
1170 2068 1265 2097 cum
1399 2062 1473 2109 ης

200 2127 279 2167 Hic
309 2138 427 2179 atque
449 2126 539 2168 ille?
566 2126 719 2167 'Avidos
747 2124 923 2167 vicinum
946 2123 1067 2166 funus
1084 2131 1131 2162 ut
1155 2132 1280 2173 aegros

200 2187 433 2234 Exanimat,
457 2186 671 2240 mortisque
695 2195 799 2240 metu
824 2184 893 2225 fibi
919 2195 1080 2237 parcere
1099 2181 1226 2235 cogit:
1255 2223 1258 2226 ,

200 2247 264 2289 Sic
287 2260 444 2289 teneros
464 2249 620 2289 animos
637 2247 760 2288 aliena
779 2246 993 2301 opprobria
1015 2243 1117 2296 saepe

199 2307 427 2351 Absterrent
447 2308 566 2349 vitiis.
590 2308 650 2348 Ex
669 2307 747 2348 hoc
769 2319 846 2360 ego
867 2305 982 2345 sanus
1003 2303 1053 2343 ab
1071 2302 1166 2351 illis,

200 2372 411 2413 Perniciem
436 2383 686 2426 quaecunque
706 2370 865 2417 ferunt3
888 2361 1224 2413 mediocribus,&
1243 2363 1354 2420 queis
1398 2368 1481 2417 130.

199 2433 382 2487 Ignoscas
394 2465 404 2482 ,
421 2434 531 2474 vitiis
549 2444 705 2473 teneor:
730 2430 899 2472 fortaffis
918 2429 960 2470 δι
986 2428 1124 2468 isthinc

199 2497 374 2554 Largiter
400 2496 595 2540 abstulerit
617 2497 736 2551 longa
762 2505 857 2537 aetas
870 2523 884 2545 ,
907 2492 1002 2563 liber
1023 2491 1194 2542 amicus,
