1592 2898
188 238 281 302 156
398 238 460 306 Q·
515 231 892 285 HoRATn
936 233 1253 282 FLAccr

185 342 309 396 Quos
331 342 398 382 tibi
421 343 506 391 dat,
535 343 701 383 retinere
732 342 851 391 velis,
873 341 1108 398 servareque
1134 343 1305 392 amicos,⁴

185 404 324 446 Infelix
350 417 511 458 operam
539 405 700 457 perdas:
727 415 771 445 ut
797 404 825 445 sn
850 405 937 459 quis
955 404 1113 446 asellum
1414 416 1469 462 9ο

183 468 229 508 ln
250 480 394 520 campo
417 468 556 508 doceat
574 477 772 520 parentem
796 479 955 508 currere
975 465 1135 508 fraenis?
1203 488 1206 491 ·

184 529 372 584 Denique
390 529 434 569 fit
452 530 538 570 finis
568 531 784 584 quaerendi;
809 543 971 585 quoque
994 529 1135 572 habeas
1155 529 1268 586 plus,

182 591 413 646 Pauperiem
435 605 586 633 metuas
612 593 740 633 minus
754 623 768 640 ,
789 593 830 634 &
853 592 967 634 finire
987 592 1159 634 laborem

183 655 368 708 Incipias,
394 667 508 709 parto
526 656 635 709 quod
655 655 821 705 avebas‚
848 669 897 696 ne
922 655 1041 697 facias
1062 655 1172 710 quod

184 718 407 758 Ummidius
433 718 590 771 quidam
616 717 724 772 (non
748 718 867 772 longa
885 717 938 758 est
960 717 1118 772 fabula)
1139 717 1249 758 dives
1411 724 1465 771 95

181 779 240 820 Ut
275 780 474 820 metiretur
502 793 707 830 nummos3
736 781 792 821 ita
821 780 1016 828 sordidus,
1038 792 1083 822 ut
1106 779 1145 822 se

182 841 279 882 Non
308 855 483 895 unquam
507 841 622 883 servo
642 842 779 883 melius
799 842 954 887 vestiret
968 858 981 893 ;
1005 843 1052 883 ad
1084 841 1206 898 usque

183 902 416 956 Supremum
436 915 590 958 tempus
606 935 618 951 ,
637 917 685 944 ne
712 903 748 944 se
777 905 937 958 penuria
961 902 1088 944 νἰἃυς

183 965 463 1021 opprimeret,
491 967 699 1008 metuebat.
728 968 782 1008 At
809 968 911 1009 hunc
934 967 1068 1008 liberta
1092 965 1218 1008 securi

180 1028 328 1070 Divifit
351 1031 516 1070 medium
532 1061 542 1076 ,
568 1030 765 1071 fortiffima
789 1031 1115 1084 Tyndaridarum.
1136 1053 1183 1062 —
1388 1038 1465 1070 ιοο

183 1089 296 1143 Quid
320 1091 374 1130 mi
398 1091 514 1144 igitur
532 1090 696 1131 suades?
722 1102 765 1131 ut
787 1092 922 1132 vivam
951 1090 1145 1138 Naevius?
1165 1100 1234 1132 aut
1258 1090 1315 1132 fic

181 1151 238 1192 Ut
260 1152 554 1192 Nomentanus?
571 1176 616 1183 —
631 1151 760 1206 Pergis
789 1154 1000 1207 pugnantia
1024 1151 1152 1194 secum

182 1215 397 1257 Frontibus
424 1207 592 1257 adversis
612 1215 882 1271 componere?
912 1216 1006 1258 Non
1027 1229 1127 1271 ego,
1151 1228 1318 1257 avarum

180 1277 286 1319 Cum
310 1290 405 1320 veto
430 1289 469 1319 te
491 1277 576 1319 fieri
592 1309 602 1325 ,
627 1291 794 1331 vappam
816 1277 939 1332 jubeo
957 1291 1003 1319 ac
1022 1277 1272 1320 nebulonem.
1327 1294 1336 1304 ·

177 1339 241 1381 Est
261 1342 361 1381 inter
385 1342 552 1382 Tanaim
584 1341 790 1396 quiddam,
815 1338 1075 1395 socerumque
1094 1339 1239 1381 viselli.
1389 1349 1463 1396 105

175 1403 243 1444 Est
267 1403 406 1444 modus
429 1404 467 1443 in
496 1403 636 1450 rebus,
666 1401 753 1442 sunt
783 1402 877 1442 certi
901 1402 1069 1456 denique
1089 1400 1213 1450 fines,

179 1466 302 1521 Quos
327 1467 427 1507 ultra
449 1467 626 1521 citraque
652 1466 787 1520 nequit
815 1463 1022 1506 conflstete
1046 1464 1210 1506 reaum-

176 1530 299 1581 Illuc,
323 1531 424 1571 unde
453 1531 550 1579 abii,
583 1530 720 1570 redeo:
742 1541 868 1569 nemo
893 1539 936 1569 ut
958 1540 1100 1570 avarus

178 1593 228 1636 Se
251 1595 414 1648 probet?
439 1606 478 1634 at
505 1595 638 1647 potius
664 1592 791 1633 laudet
816 1590 966 1632 diversa
991 1589 1222 1645 sequentes?

177 1656 385 1710 Quodque
406 1655 531 1695 aliena
555 1654 702 1707 capella
722 1664 828 1707 gerat
849 1652 1046 1694 distentius
1072 1653 1195 1701 uber,
1384 1663 1461 1694 ιω
1519 1698 1527 1701 ,

174 1717 394 1760 Tabescat?
424 1731 550 1772 neque
579 1717 618 1758 se
641 1716 781 1770 majori
813 1716 1090 1771 pauperiorum

175 1778 326 1824 Turbae
354 1781 580 1835 comparet?
607 1782 712 1821 hunc
739 1776 858 1834 atque
881 1779 986 1819 hunc
1008 1777 1186 1833 superare
1210 1775 1388 1819 laboret?

177 1845 239 1886 Sic
262 1844 450 1885 festinanti
472 1843 619 1897 semper
651 1843 884 1896 locupletior
904 1841 1052 1883 obstat:

175 1909 258 1958 Ut,
295 1922 385 1949 cum
411 1909 630 1949 carceribus
655 1905 788 1948 miffos
815 1905 913 1960 rapit
942 1905 1088 1960 ungula
1112 1915 1278 1953 currus,

174 1971 295 2012 Instat
319 1971 427 2024 equis
454 1971 587 2023 auriga
620 1968 711 2010 suos
733 1969 999 2018 vincentibus,
1030 1968 1138 2008 illum
1386 1973 1462 2021 ης

175 2033 624 2073 Paternum-temnens
649 2043 849 2073 extremos
869 2031 969 2071 inter
990 2041 1160 2072 euntem.
1447 2053 1451 2056 »

174 2095 273 2136 Inde
294 2094 361 2143 fit,
388 2108 432 2136 ut
457 2109 567 2145 raro,
594 2096 660 2149 qui
693 2094 731 2135 se
765 2093 898 2135 vixisse
921 2095 1079 2135 beatum

173 2155 319 2203 Dicat,
348 2157 389 2197 δι
412 2157 554 2198 eanto
576 2169 784 2198 contentus
808 2169 985 2210 tempore
1009 2155 1108 2196 vitae

174 2218 322 2264 Cedat,
345 2220 400 2259 uti
429 2219 603 2260 conviva
630 2218 733 2259 satur
747 2249 759 2264 ,
779 2218 949 2272 reperire
972 2228 1173 2271 queamus.

173 2281 259 2321 Jam
280 2278 364 2319 satis
386 2279 440 2320 est
458 2295 467 2319 ε
490 2292 538 2320 ne
562 2293 625 2321 me
649 2278 816 2334 Crispini
837 2278 976 2319 scrinia
997 2277 1091 2331 lippi
1385 2286 1461 2319 ιω

171 2340 411 2397 compilass‘e
435 2354 569 2398 putes,
598 2342 764 2385 verbum
788 2354 870 2384 non
892 2341 1061 2398 amplius
1085 2338 1236 2382 addam.

1565 176 1592 343 ἐ
