1592 2898
203 252 293 288 κη
432 241 775 291 NOTITIA
825 218 1258 307 LJTERARJA

205 340 304 376 arte
335 323 477 378 unice
509 332 803 380 audiendus:
835 328 1047 380 'eximius
1077 334 1390 396 philosophus
1429 335 1482 382 in

206 395 435 456 Epistolis.
464 398 521 443 In
544 398 749 444 carmine
784 399 1064 462 elegantiam
1087 398 1130 446 8c
1150 400 1366 461 peritiam
1389 416 1484 446 nu-

209 477 453 507 merorum
487 462 529 507 ei
558 463 729 509 tribuit
755 463 984 520 Ovidius,
1015 463 1066 510 in
1097 465 1382 527 argumentis
1416 466 1484 510 sa·-

205 526 436 587 pientiam
455 525 497 573 8c
514 528 1019 590 calliditatemsPerfius
1032 563 1045 586 ‚
1066 528 1358 593 diligentiam
1381 530 1485 576 elu-

209 591 453 638 cubratam
473 592 743 650 Juvenalis,
773 593 1113 641 sublimitatem
1145 591 1311 642 auctor
1345 605 1484 641 vetus

208 656 289 701 sed
314 672 413 703 non
439 659 732 713 nominatus,
754 658 1130 722 jucunditatem,
1157 661 1376 723 gratiam,
1403 676 1482 705 va·

206 722 424 768 rietatem
459 723 815 790 Quintilianus,
844 723 1097 770 sollertiam
1132 725 1388 790 Apulejns,
1429 724 1483 770 in

207 785 425 833 sermone
461 788 715 848 puritatem
747 786 789 834 8c
819 789 1026 835 nitorem
1055 787 1187 834 idem
1221 789 1484 858 Quintilia-

208 866 330 896 nus:
370 852 421 897 in
455 851 609 899 Satiris
643 853 882 901 eum-effe
920 853 1349 902 emendatiffimum
1393 854 1485 900 La-

210 912 423 963 ctantius.
464 918 681 973 Imitatus
713 918 777 966 est
810 919 862 965 in
895 918 1017 969 Odis
1042 919 1336 980 potiffimum
1371 935 1485 965 cum

208 981 414 1027 Pindaro
435 982 645 1029 Alcaeum
665 983 707 1029 8c
724 983 1063 1046 Sapphonem:
1089 984 1299 1046 epitheta
1323 983 1484 1030 sumfit

208 1046 271 1091 ab
295 1047 508 1093 Homero
527 1047 568 1093 8c
584 1047 834 1110 Sophocle.
855 1050 911 1095 In
933 1049 1055 1095 libro
1073 1048 1279 1110 Epodon
1301 1048 1485 1094 secutus

211 1112 276 1157 est
306 1111 676 1170 Archilochum,
709 1114 759 1159 in
792 1113 944 1159 Satiris
974 1113 1216 1159 Romanos
1249 1114 1353 1160 illos
1388 1113 1486 1159 En·-

211 1176 347 1222 nium
367 1177 410 1222 8c
428 1177 679 1224 Lucilium.
705 1177 800 1224 Sed
816 1171 1016 1224 Horatio
1041 1187 1055 1209 ¹
1084 1178 1205 1224 nihil
1225 1178 1319 1223 hoc
1340 1178 1392 1224 in
1410 1194 1485 1241 ge-

211 1258 325 1287 nere
349 1244 633 1302 praestantius
657 1242 746 1299 est,
774 1244 859 1304 qui
886 1255 940 1289 ut
967 1259 1133 1288 omnes
1157 1243 1263 1288 vitae
1287 1242 1488 1288 rationes

210 1308 263 1353 in
290 1306 442 1353 Satiris
468 1307 557 1353 suis
593 1309 874 1369 complexus
906 1306 996 1353 fuit
1014 1308 1118 1364 ,ita
1142 1306 1358 1353 flosculos
1379 1307 1487 1368 sup-

209 1372 394 1434 peditat
416 1407 430 1428 ,
465 1373 642 1433 quibus
669 1373 847 1418 mirum
883 1373 933 1418 in
966 1372 1171 1418 modum
1202 1387 1368 1417 ornare
1395 1370 1487 1418 ser·-

212 1453 410 1484 monem
429 1437 641 1483 nostrum
660 1437 918 1498 possumus.
947 1437 1047 1498 Ego
1067 1447 1189 1483 certe
1204 1436 1369 1482 Satiras
1386 1437 1487 1499 ejus

163 1527 166 1529 ·
214 1518 380 1548 omnes
420 1503 663 1548 memoriae
699 1502 919 1548 'mandari
956 1502 1128 1558 velim,
1163 1513 1270 1548 tum
1303 1501 1355 1546 in
1390 1501 1494 1546 vita·

211 1567 310 1629 ipsa
324 1602 338 1623 ‚
362 1578 466 1612 tum
492 1567 541 1613 in
563 1567 780 1613 sermone
806 1566 911 1612 usui
933 1565 1126 1612 futuraS.
1146 1566 1489 1631 Elegantissima

213 1632 376 1679 omnia
399 1632 507 1678 sunt
521 1667 534 1688 ,
561 1630 705 1679 difflo
729 1631 901 1688 nitida,
921 1631 963 1677 ὃς
977 1666 990 1688 ,
1014 1631 1047 1677 fi
1075 1647 1301 1677 numeros
1324 1632 1486 1687 tollaS,

212 1697 418 1744 sermoni
448 1697 604 1744 soluto
628 1709 749 1758 apta.
778 1696 1022 1743 Urbanitas
1047 1697 1098 1742 in
1122 1713 1181 1742 eo
1205 1697 1352 1752 mira,
1374 1695 1487 1742 sales

215 1762 435 1820 candidi,
461 1779 521 1808 ex
541 1762 702 1808 abdito
728 1773 868 1808 erutae
891 1761 1155 1818 sententiae,
1173 1761 1362 1824 argutiae
1384 1775 1488 1806 non

215 1824 385 1874 coafflae
403 1862 416 1884 ,
454 1844 593 1873 rnerae
637 1824 870 1884 Charites,
908 1826 1043 1872 omni
1085 1826 1314 1872 occasioni
1355 1838 1485 1887 aptae.

212 1891 472 1939 Summum
494 1894 542 1938 in
564 1893 648 1939 illo
670 1893 772 1938 vito
796 1892 1042 1955 ingenium
1066 1891 1181 1947 fuit,
1206 1906 1296 1937 nec
1318 1891 1487 1938 imme-

213 1958 305 2005 rito
336 1957 546 2021 Augusto
580 1956 623 2004 Sc
654 1957 899 2004 Maecenati
930 1957 980 2002 in
1011 1955 1211 2012 deliciis,
1247 1955 1380 2019 cujus
1408 1955 1486 2018 ge·

215 2023 354 2069 nium
384 2023 616 2069 satiricum
649 2039 795 2069 nemo
841 2038 902 2068 ex
922 2021 1156 2081 antiquis,
1183 2035 1331 2066 nemo
1361 2035 1387 2065 e
1412 2035 1487 2064 re-

217 2088 507 2134 centioribus
523 2123 537 2144 ,
562 2089 658 2134 ulla
678 2087 940 2133 imitatione
955 2085 1179 2132 assecutus
1197 2084 1273 2131 est.
1299 2084 1373 2143 Jo.
1385 2083 1487 2142 ,Ca-

217 2152 353 2199 selius
390 2153 441 2198 in
488 2157 568 2208 Νέῳ
610 2152 697 2198 suo
713 2187 727 2208 ,
764 2151 1017 2214 Horatium
1066 2150 1172 2196 vitae
1216 2150 1488 2213 magistrum

217 2217 557 2270 commendans
574 2251 587 2274 ,
616 2218 847 2277 Affirmare
870 2233 952 2262 non
976 2215 1185 2263 dubitem.
1207 2214 1392 2275 inquit,
1415 2215 1488 2277 qui

217 2285 262 2329 in
286 2284 362 2329 lzoc
376 2294 500 2347 poeta
520 2283 704 2328 multum
726 2299 748 2327 ο
780 2298 856 2327 erae
872 2281 1088 2345 posuerit.
1110 2295 1281 2342 eumque
1307 2281 1371 2325 ita
1388 2297 1489 2344 per·

220 2349 438 2396 didicerim
461 2360 510 2393 uc
532 2350 622 2414 ejus
648 2363 722 2394 ver
743 2363 793 2392 us
815 2363 898 2392 non
924 2348 968 2391 in
985 2361 1056 2390 ore
1078 2347 1202 2390 natos
1223 2355 1302 2389 aut
1323 2356 1490 2390 extem·-

213 2413 409 2480 porales,
428 2425 478 2458 uc
497 2424 706 2476 putatur,
730 2428 812 2457 non
838 2410 1041 2455 memoria
1065 2419 1236 2458 teneat,
1267 2409 1362 2470 (nec
1388 2425 1488 2455 vero

221 2495 304 2525 non
316 2477 456 2539 sunt.
477 2479 551 2540 qui
574 2477 649 2550 ΙΙιοε
675 2474 977 2541 prostiterint)
996 2472 1082 2536 sed
1100 2473 1229 2538 probe
1257 2474 1491 2523 intelled'las

275 2572 296 2600 1
314 2555 492 2600 Morhof.
509 2555 692 2610 Polyhist.
708 2549 741 2601 l.'
756 2570 795 2611 3,
816 2566 853 2597 c.
869 2554 919 2606 6,
938 2566 977 2607 p.
989 2554 1091 2609 634,
1110 2552 1226 2597 Tom.
1244 2551 1274 2596 Ι.
