1592 2898
271 280 846 335 EPISTOLARUM
893 284 1036 332 LIB.
1086 285 1123 333 1.
1239 291 1336 351 225

61 391 190 434 vilius
209 403 410 447 argentum
432 390 488 433 est
508 389 867 438 auro‚‘virtutibus
893 402 1047 430 aurum.

61 453 105 495 Ο
126 454 257 502 cives,
275 455 407 502 cives,
433 452 642 508 quaerenda
667 452 829 506 pecunia
853 452 1020 505 primum
1045 450 1126 502 est,·

61 516 200 563 Hirtus
223 514 307 570 post
329 527 523 556 nummo&
548 515 648 556 Haec
670 514 791 555 sanus
813 512 985 556 summus
1005 515 1055 554 ab
1079 515 1164 556 imo

58 573 273 617 prodocet:
291 575 375 617 haec
395 576 574 617 recinunt
593 573 763 628 juvenes
779 574 920 616 dietata
941 575 1148 630 senesque,
1284 584 1336 632 ς,

59 637 187 680 Laevo
203 637 367 692 suspensi
392 637 545 679 loculos
563 637 813 691 tabulamque
835 637 997 680 lacerto.

58 700 101 741 si
123 700 408 755 quadringentis
430 698 521 748 sex,
543 698 686 752 septem
711 699 832 741 millia·
850 700 1010 749 desunt,

58 761 125 802 Est
146 763 297 803 animus
319 762 412 809 tibi,
436 761 523 802 sunt
542 773 699 811 mores,
720 761 763 802 δι
781 761 943 814 lingua,
965 760 1159 816 fidesque3

57 824 170 867 Plebs
187 826 272 866 etis.
295 826 350 866 At
369 825 480 879 pueri
500 822 701 872 ludentes,
724 823 814 865 Rex
837 825 914 865 eris
927 855 941 874 ,
962 824 1094 878 ajunt,

58 870 228 928 Sit-eete
247 886 373 936 facies.
393 888 471 928 Hic
496 900 632 928 murus
658 887 828 928 aheneus
858 885 942 928 esto
955 917 970 938 ,
1277 889 1336 933 ὂς

58 950 126 991 Nil
148 949 319 992 conscire
341 949 438 999 fibi,
463 950 569 991 nulla
589 948 792 1004 pallescere
814 948 943 1003 culpa.

57 1010 204 1052 Roscia
222 1011 311 1065 (dic
331 1009 633 1070 sodes)13melior
658 1012 720 1052 lex
735 1041 750 1059 ,
773 1023 824 1051 an
842 1023 1057 1064 puerorum
1077 1010 1135 1052 est

56 1073 218 1122 Naeuia,
244 1087 334 1128 quae
356 1072 521 1128 regnum
541 1073 646 1115 reste
673 1073 901 1116 facientibus
924 1073 1070 1124 offert,

54 1134 107 1179 Et
127 1136 298 1176 maribus
319 1135 449 1177 Curiis
470 1135 512 1176 δι
532 1136 732 1178 decantata
752 1131 959 1178 Camillis?

15 1227 19 1230 .
55 1196 141 1237 l'sne
159 1197 226 1237 tibi
245 1198 384 1239 melius
403 1197 557 1246 suadet,
576 1199 645 1252 qui
666 1212 748 1240 tem
777 1197 921 1248 facias3
945 1211 1054 1248 rem,
1281 1199 1340 1256 61

54 1257 95 1298 Si
115 1258 252 1311 poffis,
272 1258 397 1308 ree'te3
423 1259 454 1299 fi
474 1271 583 1308 non,
606 1273 847 1315 quocunque
871 1261 992 1302 modo
1008 1273 1090 1302 rem
1101 1274 1120 1312 3

54 1321 112 1362 Ut
134 1322 292 1374 propius
315 1321 459 1376 spei-les
483 1321 684 1364 lacrimosa
706 1334 888 1378 poemata
912 1321 1061 1378 Puppi:

54 1383 122 1423 An
143 1384 211 1437 qui
233 1382 407 1433 fiottu'nae
433 1394 472 1424 te
498 1383 719 1438 responsare
736 1383 911 1438 supetbae

53 1442 238 1484 Liberum
260 1443 301 1483 &
319 1442 489 1485 ereetum
515 1444 680 1500 praesens
704 1442 881 1486 hortatur
900 1445 942 1486 δι
966 1445 1103 1500 aptat?

54 1506 182 1562 Quod
199 1506 227 1547 fi
244 1521 310 1557 me
330 1508 501 1560 populus
518 1508 724 1550 Romanus
741 1508 843 1550 forte
864 1520 1000 1563 roget,
1021 1522 1092 1550 cur
1277 1523 1339 1564 70

52 1569 170 1617 Non,
189 1583 235 1610 ut
254 1570 491 1624 porticibus,
512 1569 565 1611 sic
586 1570 738 1624 judiciis
765 1569 873 1611 ftuar
894 1570 1038 1619 isdem,
1328 1609 1332 1611 μ

6 1627 10 1637 “
54 1631 139 1672 Nec
163 1630 324 1687 sequar,
348 1643 416 1673 aut
433 1631 577 1685 fugiam
591 1663 605 1682 ‚
624 1644 714 1686 quae
733 1631 857 1686 diligit
881 1630 985 1685 ipse,
1008 1631 1075 1673 vel
1097 1631 1205 1684 odit3

50 1691 160 1739 Olim
185 1694 293 1746 quod
321 1693 461 1746 vulpes
481 1705 637 1748 aegroto
660 1703 777 1735 cauta
808 1694 916 1734 leoni

51 1753 288 1808 Respondit,
313 1754 500 1794 referam:
521 1753 633 1808 Quia
657 1768 719 1795 me
740 1753 900 1808 vestigia
922 1765 1094 1806 terrent,

50 1815 197 1857 Omnia
218 1826 257 1856 te
278 1813 479 1855 adversum
502 1814 732 1869 spectantia,
754 1815 860 1856 nulla
886 1817 1113 1860 retrorsum.
1271 1822 1325 1877 ⁶73

0 1923 1 1926 Ἴ
49 1877 187 1918 Bellua
207 1878 419 1918 multorum
436 1890 476 1918 es
490 1880 661 1930 capitum
675 1891 686 1919 z
705 1890 793 1918 nam
811 1879 906 1931 quid
921 1878 1080 1933 sequar?
1095 1893 1163 1923 aut
1179 1895 1297 1938 quem
1306 1881 1334 1924 δ’

51 1938 143 1994 Pars
164 1941 364 1981 hominum
387 1941 496 1994 gestit
513 1942 733 1982 conducere
754 1941 932 1995 publica:
959 1941 1047 1984 sunt
1067 1945 1138 1999 qui

50 2001 196 2043 Crustis
218 2002 260 2043 &
281 2003 407 2056 pomis
431 2003 569 2044 viduas
596 2016 790 2044 venentur
813 2017 977 2054 avaras,

50 2061 330 2117 Excipiamque
349 2063 474 2112 senes,
499 2072 601 2117 quos
625 2064 666 2104 in
690 2065 843 2105 vivaria
865 2067 1040 2108 mittant:

50 2122 186 2164 Multis
212 2125 370 2165 occulto
389 2124 520 2167 crescit
542 2139 604 2166 res
628 2124 792 2169 foenote.
806 2128 962 2168 Verum
1267 2132 1329 2177 80

49 2183 142 2225 Esto
160 2186 241 2226 aliis
261 2187 356 2227 alios
378 2187 495 2227 rebus
519 2186 724 2241 studiisque
746 2189 895 2238 teneri;
1324 2212 1330 2215 ·

48 2243 167 2285 Iidem
189 2247 320 2286 eadem
342 2245 499 2300 possunt
516 2248 653 2288 horam
673 2249 815 2288 durare
837 2249 1078 2304 probantes?

12 2304 14 2306 ’
48 2304 190 2346 Nullus
211 2307 250 2346 in
272 2307 367 2347 orbe
391 2308 495 2349 finus
519 2308 622 2360 Baiis
646 2309 833 2363 praelucet
854 2312 1042 2360 amoenis,

47 2366 90 2407 Si
107 2368 202 2409 dixit
217 2369 324 2410 dives
337 2402 348 2419 ‚
371 2371 478 2412 lacus
501 2371 541 2412 δι
561 2385 665 2412 mare
683 2370 794 2412 sentit
818 2385 996 2414 amorem

19 2456 21 2458 -
48 2426 274 2471 Festinantis
295 2431 399 2480 heri3
426 2433 489 2473 cui
512 2432 540 2472 li
563 2431 700 2473 vitiosa
722 2433 840 2474 libido
1263 2437 1320 2492 85

46 2491 198 2534 Fecerit
219 2492 426 2548 auspicium
440 2524 452 2542 ,
478 2508 564 2535 cras
585 2495 816 2537 ferramenta
834 2497 1016 2540 Teanum

47 2551 233 2606 Tolletis,
251 2553 362 2597 fabri.
385 2555 523 2598 Leaus
539 2557 696 2611 genialis
720 2559 759 2599 in
782 2559 872 2600 aula
893 2559 977 2601 est?
