1592 2898
212 278 307 314 222
426 262 488 332 Q.
539 260 911 309 HoRATn
965 262 1280 312 FLACCI

213 365 335 409 Nunc
358 366 467 421 agilis
491 365 568 416 fio,
594 367 638 408 &
661 366 807 409 mersor
833 366 1010 409 civilibus
1031 369 1166 420 undis,

214 429 384 470 Virtutis
404 443 510 470 verae
531 429 661 471 custos
674 460 685 478 ,
713 429 934 485 rigidusque
957 429 1127 473 satelles:

214 490 333 532 Nunc
349 491 390 532 in
407 490 590 546 Aristippi
605 490 738 533 furtim
759 502 953 547 praecepta
974 493 1152 542 relabor,

214 552 266 595 Et
288 553 382 594 mihi
408 565 495 602 res,
518 566 600 594 non
624 567 687 595 me
709 555 825 595 rebus
850 552 1083 609 subjungere
1099 547 1238 597 con'or.

216 613 275 656 Ut
293 628 373 656 nox
395 614 512 669 longa
525 646 539 663 ,
561 616 707 669 quibus
729 616 918 658 mentitur
937 618 1066 657 amica
1079 648 1089 666 ‚
1111 617 1269 673 diesque
1443 632 1496 662 20

213 676 361 733 Longa*
375 679 528 719 videtur
549 691 654 732 opus
672 678 925 728 debentibus;
942 691 986 719 ut
1006 679 1116 734 piger
1138 691 1262 722 annus

213 739 375 795 Pupillis
387 770 399 790 ‚
418 754 522 796 quos
538 741 634 782 dura
652 738 790 795 premit
809 741 982 782 custodia
1005 753 1194 784 matrum:

216 803 282 845 Sic
302 805 397 845 mihi
424 805 530 849 tarda
551 803 680 844 fluunt
704 804 932 858 ingrataque
956 815 1158 859 tempora,
1186 819 1276 860 quae
1303 805 1405 861 spem

214 867 512 922 Consiliumque
530 879 736 909 morantur
756 868 896 922 agendi
915 868 1090 922 gnaviter
1107 869 1145 909 id
1158 900 1169 918 ,
1195 870 1303 924 quod

216 932 349 986 AEque
368 931 601 985 pauperibus
624 928 802 985 prodest,
825 930 1084 983 locupletibus
1106 944 1245 984 aeque,
1444 941 1492 986 ας

214 995 348 1048 AEque
375 994 591 1048 negleRum
617 993 746 1049 pueris
771 990 999 1046 senibusque
1027 992 1196 1032 nocebit.

215 1056 376 1106 Restat,
400 1069 443 1096 ut
463 1056 521 1096 his
538 1067 614 1109 ego
631 1053 788 1108 meipse
806 1067 936 1108 regam
953 1053 1134 1108 solerque
1148 1054 1372 1096 elementis:

216 1118 313 1160 Non
331 1117 448 1172 poffis
472 1118 593 1159 oculo
615 1128 808 1173 quantum
833 1116 1070 1157 contendere
1094 1116 1303 1169 Lynceus,

215 1180 312 1222 Non
335 1192 465 1221 tamen
489 1180 635 1221 ideirco
659 1190 889 1220 contemnas
915 1179 1042 1233 lippus
1069 1179 1230 1233 inungi3

217 1242 331 1290 Nec,
351 1242 445 1296 quia
464 1241 638 1295 desperes
658 1241 791 1282 inviffl
813 1240 985 1283 membra
1012 1234 1235 1294 Glyconis,
1446 1254 1498 1296 30
1517 1244 1520 1246 ’

217 1304 379 1348 Nodosa
399 1319 545 1361 corpus
569 1306 668 1348 nolis
692 1306 901 1360 prohibere
928 1304 1123 1359 cheragra.

219 1368 286 1410 Est
309 1369 473 1423 quadam
499 1369 655 1423 prodire
677 1380 789 1409 tenus
804 1400 818 1418 ‚
840 1367 868 1407 si
892 1379 971 1408 non
997 1367 1111 1407 datur
1136 1367 1253 1408 ultra.

217 1429 363 1472 Fervet
385 1432 548 1472 avaritia
570 1429 786 1484 miseroque
800 1429 992 1483 cupidine
1013 1426 1173 1484 pecias?
1208 1425 1218 1427 ζ

219 1493 322 1535 Sunt
337 1493 457 1534 verba
473 1493 514 1534 δι
529 1505 669 1541 voces,
684 1491 827 1546 quibus
841 1490 948 1532 hunc
961 1490 1082 1532 lenire
1092 1487 1277 1531 *dolorem

219 1554 364 1606 Poffis,
388 1557 426 1597 δι
450 1568 629 1610 magnam
650 1555 776 1595 morbi
797 1555 993 1607 deponere
1015 1563 1179 1607 partem.
1449 1563 1497 1607 35

217 1618 362 1660 Laudis
379 1631 513 1659 amore
531 1617 686 1658 tumes?
711 1615 799 1657 sunt
822 1620 927 1656 certa
953 1614 1126 1668 piacula,
1153 1626 1243 1669 quae
1267 1613 1307 1655 te¹

217 1680 302 1722 Ter
319 1692 416 1733 pure
432 1679 534 1720 lecio
554 1688 738 1731 poterunt
758 1688 933 1718 recreare
953 1675 1099 1716 libello.

217 1740 402 1796 Invidus,
425 1739 656 1787 iracundus,
679 1739 806 1789 iners,
831 1737 1018 1787 vinosus,
1045 1747 1226 1785 amator,

216 1803 350 1845 Nemo
370 1805 468 1845 adeo
485 1803 590 1844 ferus
615 1802 690 1851 est,
719 1812 764 1843 ut
789 1814 869 1843 non
898 1799 1097 1842 mitescere
1121 1798 1265 1854 poffit,

218 1866 259 1909 si
277 1866 396 1906 modo
410 1865 575 1915 cul-turae
594 1864 800 1916 patientem
819 1862 1043 1904 commodet
1064 1874 1212 1902 aurem.
1448 1871 1501 1911 4ο

219 1927 359 1969 Virtus
378 1925 457 1978 est,
483 1926 623 1966 vitium
648 1924 807 1979 fugere3
830 1923 873 1964 δι
898 1922 1088 1976 sapientia·
1105 1922 1253 1975 prima,

219 1992 392 2034 Stultitia
417 1989 593 2031 caruisse.
617 1989 763 2038 Vides,
796 2000 886 2041 quae
904 1986 1074 2029 maxima
1099 1985 1221 2026 credis

221 2055 309 2097 Effe
329 2054 454 2102 mala,
478 2053 664 2106 exiguum
688 2050 865 2099 censum,
891 2059 1124 2103 turpemque
1144 2046 1359 2102 repulsam,

221 2117 395 2171 Quanto
414 2115 560 2156 devites
577 2115 709 2155 animo
730 2111 941 2167 capitisque
966 2111 1124 2151 labore:

222 2178 392 2234 Impiger
414 2189 612 2229 extremos
632 2177 754 2217 curris
778 2184 973 2215 mercator
993 2172 1042 2211 ad
1059 2170 1204 2218 Indos,
1449 2182 1500 2226 45
1578 2212 1580 2215 .

222 2241 296 2283 Per
310 2252 420 2280 mare
435 2239 656 2293 pauperiem
677 2235 850 2290 fugiens,
871 2247 939 2288 per
961 2232 1048 2273 saxa
1063 2261 1076 2279 ‚
1098 2244 1168 2286 per
1191 2232 1323 2286 ignes:

215 2303 288 2345 ‘Ne
309 2314 420 2343 cures
438 2314 504 2349 ea,
527 2312 618 2354 quae
643 2298 757 2340 stulte
781 2297 928 2338 miraris
947 2295 988 2336 &
1014 2305 1154 2349 optas,

224 2365 409 2414 Discere,
432 2366 473 2406 &
491 2364 622 2405 audire
637 2396 649 2411 ‚
668 2363 711 2403 δι
737 2361 888 2402 meliori
914 2360 1071 2400 credere
1094 2371 1174 2399 non
1199 2357 1289 2399 vis?

224 2430 336 2485 Quis
354 2431 503 2470 circum
527 2439 650 2482 pagos
673 2426 715 2467 δι
736 2426 881 2467 circum
906 2424 1077 2476 compita
1095 2435 1251 2477 pugnax
1264 2450 1278 2472 ‚

227 2494 374 2547 Magna
396 2490 576 2533 coronari
601 2498 826 2529 contemnat
846 2485 1039 2543 Olympia
1053 2514 1066 2532 ,
1097 2486 1161 2525 cui
1179 2483 1286 2538 spes,
1456 2493 1508 2538 ςα

226 2554 308 2601 ‚Cui
329 2554 375 2595 fit
395 2553 569 2596 conditio
592 2550 713 2594 dulcis
735 2550 817 2591 sine
833 2549 995 2604 pulvere
1015 2545 1183 2603 palmae?
