1592 2898
184 238 278 285 244
385 223 446 293 Q.
516 222 895 272 HORATII
965 225 1268 276 FLACCI

181 330 348 382 Aiebat,
373 330 401 370 fi
425 331 492 384 qui
511 332 724 372 comedunt
745 332 870 382 bona;
892 346 980 373 cum
1005 333 1051 373 fit
1071 335 1191 377 obeso
1407 346 1463 387 48
1547 350 1557 365 ⁴

180 391 247 431 Nil
269 391 406 432 melius
425 393 567 442 turdo,
593 393 648 433 nil
674 393 796 433 vulva
821 394 1015 447 pulchrius
1035 395 1172 449 ampla.

180 452 373 494 Nimirum
402 454 461 495 hic
485 467 560 508 ego
583 454 689 496 sum:
715 465 914 501 nam⁴tuta
934 456 976 496 δι
998 457 1158 508 parvula
1180 457 1324 506 laudo,

181 513 284 553 Cum
312 527 372 554 res
391 514 595 561 deficiunt,
623 514 712 555 satis
740 516 840 556 inter
865 515 958 555 vilia
981 515 1112 557 fortis:

181 574 356 624 Verum,
386 577 452 617 ubi
476 578 568 630 quid
591 577 728 618 melius
753 578 941 632 contingit
965 579 1006 619 &
1026 579 1325 626 unfflusfidem

182 638 271 678 Vos
292 638 421 692 sapere
443 641 481 680 δι
511 640 613 680 solos
635 639 702 692 ajo
729 640 830 680 bene
854 642 991 682 vivere
1005 673 1018 691 ,
1041 656 1223 697 quorum!
1406 655 1455 698 45

95 717 98 719 ’
181 699 433 756 Conspicitur
465 702 592 743 nitidis
614 701 772 744 fundata
792 703 955 757 pecunia
981 703 1098 755 villis-

424 902 962 950 EPISTOLA
1048 905 1210 952 XVI.

460 1057 574 1125 '4¹³
629 1056 1183 1112 QulucrluM.

284 1199 320 1238 V
318 1198 403 1238 itam
430 1198 566 1237 beatam
593 1195 851 1250 aequanimitate
881 1197 1057 1250 constare,
1087 1196 1124 1236 6·
1151 1196 1361 1251 conscientia

682 1270 769 1296 verae
795 1255 946 1296 virtutis.

184 1368 286 1444 NE
316 1397 574 1454 perconteris,
604 1395 745 1438 fundus
769 1408 898 1446 meus,
921 1394 1070 1449 optime
1093 1392 1289 1448 Quinffl,

185 1462 301 1503 Arvo
323 1461 448 1516 pascat
474 1461 608 1501 herum
623 1489 638 1507 ,
663 1472 712 1499 an
738 1458 864 1500 baccis
887 1457 1090 1512 opulentet
1111 1457 1260 1507 olivae,

184 1522 387 1574 Pomisve,
411 1535 459 1563 an
489 1521 630 1576 pratis,
657 1533 706 1561 an
730 1520 867 1561 amiaa
887 1520 1030 1561 vitibus
1053 1519 1191 1558 ulmo:

185 1585 380 1626 Scribetur
402 1585 471 1625 tibi
498 1583 626 1624 forma
650 1582 899 1635 loquaciter,
920 1580 961 1620 δι
985 1579 1076 1619 suus
1099 1578 1192 1632 agri.

186 1647 376 1689 Continui
401 1658 576 1695 montes,
596 1644 663 1685 nisi
685 1643 933 1684 dissocientur
959 1653 1086 1695 opaca
1440 1652 1458 1697 ς

187 1711 329 1760 Valle;
354 1710 416 1750 sed
446 1720 489 1750 ut
512 1708 673 1749 veniens
695 1706 873 1745 dextrum
901 1704 1003 1744 latus
1027 1702 1209 1758 adspiciat
1227 1702 1324 1751 Sol,

184 1771 352 1813 Laevum
381 1770 567 1811 decedens
599 1781 717 1810 curru
746 1766 920 1820 fugiente
947 1776 1126 1818 vaporet.

185 1834 436 1888 Temperiem
460 1832 604 1872 laudes.
631 1830 766 1884 Quid,
792 1828 822 1869 fi
844 1828 1059 1868 rubicunda
1085 1827 1248 1880 benigne

185 1896 323 1938 Coma
347 1908 487 1950 vepres
512 1894 554 1935 δι
580 1906 706 1948 pruna
735 1890 896 1933 ferunt?
929 1889 957 1930 fi
983 1898 1152 1944 quercus
1173 1891 1214 1931 δι
1237 1889 1315 1930 ilex

186 1959 318 2002 Multa
338 1957 450 2012 fruge
472 1969 590 2011 pecus
606 1986 618 2004 ,
644 1954 766 1996 multa
793 1952 994 1993 dominum
1017 1952 1132 2004 juvat
1165 1950 1329 1992 umbra?
1418 1961 1469 1992 ιο

185 2022 312 2064 Dicas
333 2020 540 2062 adductum
562 2019 723 2073 propius
752 2015 934 2057 frondere
957 2014 1185 2054 Tarentum.

187 2085 296 2125 Fons
320 2084 434 2126 etiam
466 2083 556 2124 rivo
587 2082 678 2122 dare
706 2091 852 2120 nomen
882 2077 1069 2126 idoneus,
1105 2086 1148 2116 ut
1175 2088 1251 2116 nec.

186 2147 379 2202 Frigidior
398 2146 591 2187 Thracam
608 2175 620 2194 ,
647 2157 718 2184 nec
745 2142 881 2197 purior
903 2141 1047 2181 ambiat
1073 2140 1254 2189 Hebrus;

187 2211 356 2252 Infirmo
382 2210 498 2262 capiti
531 2208 616 2249 fluit
643 2206 769 2254 utilis,
798 2204 905 2245 utilis
935 2204 1043 2244 alvo.

104 2268 106 2270 ’
185 2272 264 2313 Hae
292 2271 452 2311 latebrae
477 2270 628 2316 dulces,
650 2268 690 2308 &
711 2267 817 2320 jam,
842 2265 871 2305 fi
892 2265 1040 2312 credi5‚
1056 2274 1251 2310 amoenae,
1416 2271 1465 2315 ¹5

186 2333 430 2374 incolumem
455 2332 527 2372 'tibi
559 2344 621 2372 me
648 2329 827 2384 praestant
854 2326 1144 2381 Septembribus
1167 2324 1290 2365 horis.

188 2397 256 2438 Tu
278 2395 383 2437 reciet
405 2396 533 2443 vivis,
555 2394 587 2445 si,
609 2405 722 2435 curas
742 2390 820 2433 effe
845 2390 951 2444 quod
976 2389 1107 2430 audis:

187 2456 384 2498 Jaeamus
411 2455 639 2510 jampridem
664 2454 793 2494 orrinis
823 2464 861 2494 te
884 2452 1014 2492 Roma
1030 2451 1199 2491 beatum.

187 2520 263 2562 Sed
291 2532 460 2570 vereor,
489 2531 537 2560 ne
558 2518 622 2560 cui
645 2517 692 2558 de
714 2527 753 2557 te
779 2515 888 2570 plus,
915 2527 1032 2569 quam
1056 2513 1125 2554 tibi
1149 2511 1307 2561 credas3
