1592 2898
345 234 815 285 SERMONUM
863 233 1006 279 LIB.
1057 232 1131 278 II.
1280 248 1365 296 19¹

14 378 17 381 v
104 345 232 401 Quod
253 344 431 400 superat,
453 358 536 386 non
556 343 612 385 est
633 342 770 384 melius
787 354 870 396 quo
894 338 1087 380 insumere
1106 338 1248 394 poffis.
1235 338 1252 368 ὓ

0 410 32 465 '153
102 409 189 451 Cur
201 420 287 462 eget
307 409 484 463 indignus
502 406 733 462 quisquam,
757 415 796 445 te
818 403 963 444 divite?
986 416 1109 457 quare

102 471 267 526 Templa
289 482 407 512 ruunt
429 470 585 523 antiqua
611 466 768 510 Deum.
756 466 771 493 ²
792 479 888 514 cur,
908 462 1108 518 improbe,
1133 478 1236 507 carae

101 530 195 571 Non
213 530 353 584 aliquid
375 531 508 585 patriae
532 540 643 569 tanto
663 528 831 568 emetiris
852 526 1025 568 acervo?
1296 539 1368 583 105

101 592 184 633 Uni
205 593 385 633 nimirum
409 588 476 632 tibi
498 590 602 631 reae
622 586 773 642 semper
796 600 915 629 erunt
934 600 1006 628 res.

16 655 18 658 ’
101 654 144 696 Ο
166 668 326 709 magnus
350 653 508 708 posthac
533 651 693 692 inimicis
719 649 840 690 risus!
869 649 1020 690 Uterne

102 716 167 757 Ad
190 716 298 758 casus
314 716 454 757 dubios
477 714 569 755 fidet
586 713 656 753 (ibi
681 711 848 753 certius?
881 711 964 759 hic,
986 711 1053 764 qui

0 764 16 796 '³
101 778 280 821 Pluribus
297 777 451 820 affuerit
473 788 642 818 mentem
665 773 888 828 corpusque
906 772 1116 826 superbum
1134 775 1152 815 ἓ

19 836 26 851 ’“
102 840 172 880 An
193 841 284 894 qui,
309 850 516 881 contentus
540 849 666 893 parvo
691 835 942 888 metuensque
963 834 1083 875 futuri
1293 848 1369 878 110

101 901 147 942 ln
169 915 282 956 paee,
298 913 342 943 ut
364 901 532 955 sapiens,
549 900 687 954 aptarit
712 899 851 939 idonea
878 896 980 937 bello
994 898 1009 938 ἓ
1024 919 1070 928 -

8 960 20 996 ’ἒ
103 962 206 1018 Quo
219 964 338 1017 magis
350 964 406 1004 his
420 964 578 1012 credas3
593 975 688 1016 puer
706 961 808 1002 hunc
825 972 902 1014 ego
915 973 1060 1014 parvus
1072 958 1248 1001 Ofellum

101 1025 266 1080 Integris
284 1026 424 1080 opibus
438 1026 536 1066 novi
561 1037 641 1064 non
660 1024 775 1064 latius
798 1023 909 1063 usum
922 1053 935 1071 ,

104 1085 241 1139 Quam
263 1099 366 1127 nunc
386 1085 531 1126 accisis.
543 1085 687 1125 videas
709 1095 854 1124 metato
873 1084 914 1122 in
933 1082 1061 1136 agello
1259 1131 1261 1133 ι

102 1146 206 1187 Cum
223 1159 363 1200 pecore
376 1147 416 1187 81
432 1147 556 1200 gnatis
573 1145 714 1186 fortem
731 1144 903 1185 mercede
917 1144 1100 1184 colonum
1115 1174 1132 1192 ‚
1294 1157 1336 1186 n
1346 1157 1367 1200 ς

103 1209 197 1249 Non
210 1222 286 1262 ego
297 1239 311 1258 ‚
331 1220 547 1249 narrantem
562 1238 577 1255 ,
604 1219 747 1248 temere
766 1206 827 1246 edi
842 1206 927 1245 luce
945 1204 1111 1259 profesta

106 1270 360 1325 Quidquam,
384 1281 523 1325 praeter
541 1270 653 1318 olus,
668 1267 831 1310 fumosae
852 1280 939 1308 cum
962 1268 1057 1320 pede
1079 1279 1221 1321 pernae.

104 1332 167 1373 Ac
186 1332 281 1372 mihi
298 1331 361 1372 seu
384 1332 546 1385 longum
567 1329 654 1384 post
680 1341 832 1382 tempus
850 1340 1011 1369 venerat
1029 1328 1189 1382 hospes,

104 1392 197 1433 Sive
211 1401 375 1447 operum
391 1396 521 1432 vacuo
540 1402 671 1445 gratus
688 1391 864 1430 conviva
882 1403 951 1443 per
969 1390 1132 1430 imbrem

103 1454 291 1504 Vicinus,
309 1455 407 1495 bene
421 1465 503 1494 erar
514 1483 526 1502 ,
547 1465 629 1494 non
647 1451 813 1506 piscibus
829 1451 926 1493 urbe
948 1452 1100 1506 petitis,
1291 1465 1367 1495 120

102 1514 177 1556 Sed
195 1514 302 1568 pullo
314 1544 328 1561 ,
347 1524 465 1567 atque
485 1513 621 1553 haedo:
645 1523 727 1552 tum
748 1511 903 1566 penfiliq
916 1524 996 1551 uva
1017 1510 1200 1552 secundas

14 1611 16 1614 ,
102 1576 153 1617 Et
171 1590 253 1617 nux
274 1577 437 1618 ornabat
465 1575 635 1623 mensa,
664 1588 754 1615 cum
779 1575 931 1629 duplice
956 1573 1056 1615 ficu:

19 1646 22 1647 ⁷
101 1640 193 1683 Post
211 1641 290 1680 hoc
310 1640 425 1680 ludus
443 1650 546 1687 erat,
573 1638 686 1691 culpa
708 1647 844 1690 potare
867 1637 1075 1690 magistr-‘13

103 1700 166 1742 Ac
185 1709 370 1740 venerata
390 1699 535 1748 Ceres,
562 1699 613 1738 ita
634 1699 768 1739 culmo
789 1699 848 1738 uti
874 1697 1044 1752 surgeret
1063 1697 1169 1749 alto,

11 1787 27 1808 ‚·
102 1760 293 1814 Explicuit
314 1761 409 1800 vino
426 1759 636 1800 contraaae
655 1759 749 1799 seria
765 1759 915 1800 frontis.
1295 1773 1368 1816 ¹25

14 1825 31 1876 ⁵.-
101 1821 269 1873 Saeviat‚
294 1835 412 1876 atque
433 1835 564 1863 novos
584 1834 745 1862 moveat
766 1820 925 1862 fortuna
942 1822 1160 1869 tumultus,

104 1883 313 1955 Quantum
330 1884 419 1924 hinc
430 1882 654 1926 imminuet?
668 1894 815 1936 quanto
834 1894 900 1923 aut
918 1896 994 1936 ego
1009 1885 1182 1937 parcius,
1197 1894 1266 1925 aut
1280 1897 1370 1936 vos,

14 1983 16 1985 ,
103 1945 145 1988 O
157 1948 291 1999 pueri,
311 1946 496 1993 nituistis,
511 1958 555 1987 ut
572 1946 649 1987 huc
669 1958 798 1986 novus
813 1947 938 1987 incola
955 1949 1085 1987 venit.
1074 1945 1091 1974 ἲ

103 2008 206 2049 Nam
225 2011 392 2063 propriae
411 2010 560 2050 telluris
581 2010 716 2049 herum
741 2020 880 2049 natura
907 2022 1033 2063 neque
1053 2009 1184 2059 illum,

104 2069 188 2110 Nec
207 2084 269 2111 me
281 2084 388 2120 ‚nec
409 2083 631 2125 quenquam
652 2070 805 2110 statuit·
794 2100 804 2110 .
820 2082 892 2110 nos
909 2071 1055 2123 expulit
1076 2069 1164 2120 ille;
1290 2083 1368 2124 130

102 2128 218 2170 Illum
238 2143 307 2171 aut
328 2132 539 2185 nequities,
561 2143 628 2171 aut
647 2131 747 2171 vafri
771 2129 912 2171 inscitia
930 2130 1055 2182 juris,

103 2190 301 2232 Postremo
323 2193 488 2246 expellet
510 2193 817 2234 certevivacior
834 2194 957 2233 heres.

102 2251 219 2292 Nunc
237 2265 326 2306 ager
351 2254 542 2294 Umbreni
566 2254 635 2294 sub
654 2255 813 2294 nomine
826 2284 837 2302 ,
859 2267 984 2308 nuper
1006 2252 1129 2295 Ofelli

105 2311 246 2352 Dieus
261 2325 369 2362 erat,
386 2315 483 2354 nulli
514 2317 715 2368 proprius3
736 2314 797 2355 sed
823 2316 920 2356 cedit
942 2316 982 2355 in
1004 2315 1116 2356 usum

105 2373 221 2413 Nunc
238 2375 352 2424 mihi,
370 2388 471 2417 nunc
488 2378 550 2416 alii
565 2390 575 2417 :
598 2378 778 2430 quocirca
800 2378 922 2417 vivite
939 2377 1059 2417 fortes
1071 2406 1084 2426 ,
1291 2390 1363 2432 135

104 2433 313 2488 Fortiaque
331 2436 496 2478 adversis
518 2439 705 2492 opponite
727 2438 883 2492 pestora
904 2440 1030 2480 rebus.
