1592 2898
206 220 363 271 NO'T..
385 220 590 291 LITER.
625 216 722 269 'DE
748 220 804 298 Q.
828 218 1112 268 HORATIO
1143 218 1234 265 FL.
1313 225 1376 262 lx

113 321 134 360 .¹
159 313 412 380 dugunnu,
434 326 481 361 at
506 329 606 361 non
638 313 829 375 ineptus
856 325 1046 358 morum
1070 309 1376 370 scriptorum-

112 396 175 427 ve
204 379 393 438 censor,
425 379 670 426 Maecenati
696 390 841 438 atque
878 376 990 422 inde
1017 375 1227 438 Augusto
1254 372 1375 418 mire

97 445 359 506 probaturi,
390 444 560 492 eodem
579 460 680 504 quo
697 443 921 489 Maecenas
938 448 958 474 ²
981 456 1107 486 anno
1126 439 1179 485 U.
1194 438 1244 484 C.
1266 436 1378 494 746,

115 508 170 555 C.
190 509 366 556 Marcio
387 508 642 556 Censorino
658 507 701 554 8c
721 507 770 554 C.
788 507 944 554 Afinio
959 506 1095 552 Gallo
1115 502 1230 550 Coss'.
1247 517 1375 548 anno

114 575 258 621 aetatis
275 589 354 632 57,
385 585 495 620 ante
522 573 756 619 Christum
777 573 828 628 8,
845 572 1012 636 viginti
1033 582 1142 616 ante
1170 580 1377 614 mortem

38 673 42 677 -
114 638 311 703 Augusti
336 637 457 700 Imp.
489 637 582 684 Sed
612 637 673 683 de
695 637 915 690 universls
937 647 1089 698 poetae
1116 634 1254 680 rebus
1278 647 1377 678 car.-

115 703 402 765 minumque
429 704 796 765 plerorumque,
816 718 916 762 quo
945 702 1108 762 scripta
1124 699 1232 745 sunt
1258 709 1376 742 tern-

66 798 70 801 -
114 784 234 829 pore
247 768 615 826 ,accuratiorem
635 767 855 814 notitiam
876 763 1023 813 ledtor
1044 775 1176 826 petet
1193 779 1252 809 ex
1272 763 1378 807 Ho-

114 833 219 879 ratii
250 834 347 880 vita
377 833 708 897 chronologica
723 867 737 890 ,
773 848 919 893 quam
956 833 1006 877 in
1043 832 1201 876 lucem
1245 826 1379 874 dedit

115 898 405 959 antiquitatis
440 914 493 944 ac
525 897 592 943 rei
629 897 997 960 chronologicae,
1037 906 1091 941 ut
1124 892 1380 957 insignibus

115 962 449 1023 speciminibus
471 962 830 1019 demonstravit,
852 962 981 1008 haud
1014 959 1263 1022 vulgariter
1293 973 1380 1017 pe-

115 1027 232 1072 ritus
243 1028 316 1086 Jo.
333 1028 572 1090 Mcgffonus.
592 1026 813 1087 praemiffa
835 1027 1019 1075 Horatii
1036 1025 1183 1088 effigie
1196 1058 1209 1079 ‚
1231 1037 1380 1083 quam

119 1092 313 1138 exhibet
353 1108 553 1153 quoque
585 1092 679 1150 Jac.
712 1092 981 1137 Gronovius
1017 1091 1075 1135 T.
1111 1106 1135 1148 3
1178 1086 1381 1134 thesauri

119 1155 282 1216 Antiq.
314 1157 393 1202 Gr.
415 1156 556 1201 Liter.
580 1157 652 1216 {fin
678 1156 833 1201 Exstat
861 1172 1061 1216 quoque
1087 1154 1254 1216 effigies
1278 1153 1381 1197 Ho-

118 1220 219 1266 ratii
243 1219 294 1266 in
322 1220 501 1282 duplici
534 1236 686 1266 numo
712 1220 841 1281 apud
869 1219 1164 1283 Sigebertum
1203 1218 1383 1263 Haver-

116 1300 343 1346 campum
368 1284 464 1330 diff.
495 1284 556 1330 de
577 1286 735 1331 numis
759 1285 1064 1331 contomiatis
1089 1301 1135 1344 p.
1160 1298 1261 1341 15⁴2.
1292 1281 1380 1328 Vi‘-

104 1358 215 1394 -tam
239 1349 447 1406 Horatii,
473 1366 578 1409 quae
599 1350 829 1396 Suetonio
850 1346 1028 1396 aussori
1045 1349 1270 1394 tribuitur
1286 1382 1298 1404 ,
1322 1361 1382 1392 ex

119 1412 296 1466 Codice
313 1414 410 1460 MS.
427 1415 638 1477 vulgavit
660 1416 757 1460 Pet.
776 1415 980 1460 Nannius
998 1431 1110 1459 cum
1132 1413 1383 1475 castigatio-

117 1477 259 1524 nibus
278 1478 368 1525 suis
389 1478 719 1526 Miscellaneor.
739 1480 839 1537 111,
861 1495 898 1524 c.
922 1495 961 1526 Ω.
991 1479 1159 1540 (Tom.
1185 1493 1199 1522 1
1242 1479 1385 1522 Lam-

117 1542 248 1604 padis
263 1544 454 1601 Artium
473 1542 759 1590 Gruterianae
775 1561 877 1608 pag.
899 1560 915 1588 ι
928 1542 1056 1608 261.)
1074 1544 1181 1590 Vita
1200 1542 1384 1588 Horatii

116 1623 145 1652 a
166 1607 241 1665 Jo.
257 1609 420 1671 Mqffim
443 1617 459 1651 3
485 1608 649 1669 scripta
673 1610 850 1670 prodiit
867 1609 1019 1671 Lugd.
1045 1609 1143 1654 Bat.
1173 1608 1290 1664 1708
1305 1643 1317 1664 ,
1338 1609 1382 1652 8.

115 1669 367 1718 ‘videndus
385 1674 525 1719 etiam
550 1674 610 1718 de
636 1675 834 1721 Horatio
859 1675 1039 1734 Tanaq.
1061 1673 1210 1719 Faber
1236 1673 1313 1718 lib.
1335 1687 1383 1729 Q,

118 1734 257 1796 Epist.
289 1750 364 1795 47.
405 1739 542 1783 Idem
580 1738 816 1784 Maffonus
850 1740 897 1783 in
927 1739 1040 1784 Hist.
1060 1739 1217 1785 critica
1244 1738 1382 1797 Reip.

119 1799 308 1847 Literar.
330 1818 474 1862 quam
504 1804 680 1849 Gallice
702 1804 850 1849 edidit
871 1804 1011 1849 Tom.
1032 1804 1103 1860 V,
1128 1821 1174 1864 p.
1199 1821 1222 1861 5
1236 1819 1252 1848 1
1285 1803 1381 1861 seq.

122 1864 337 1911 defendit
374 1870 577 1912 carmina
615 1868 663 1913 in
696 1869 823 1913 libris
866 1868 1082 1913 Odarum
1098 1903 1112 1923 ,
1149 1869 1311 1913 satiras
1342 1866 1386 1912 Sc

73 1925 78 1930 ’
118 1929 341 1990 Epistolas
367 1924 561 1995 lingulas
586 1928 648 1978 abv
664 1932 890 1989 Horatio,
908 1946 1053 1994 prout
1081 1925 1220 1978 ferret
1249 1948 1385 1978 occa-

119 1993 208 2050 fio‚
228 1994 358 2041 fuiffe
376 1996 558 2056 scriptas
583 1997 709 2042 vario
731 2009 945 2058 tempore
962 1997 1201 2058 separatim
1217 2032 1230 2055 ,
1249 1998 1290 2042 8c
1308 1997 1384 2042 de-

120 2057 235 2105 inde
259 2060 320 2106 ab
346 2061 518 2106 eodem
550 2062 600 2107 in
629 2062 775 2108 libros
804 2062 1031 2108 redafflas:
1069 2079 1227 2123 neque
1262 2062 1383 2108 adeo

186 2153 205 2180 1
232 2141 416 2183 Addistus
440 2141 547 2182 nolui
573 2141 721 2192 dicere,
777 2142 882 2182 davit
892 2141 952 2182 his
965 2142 1273 2183 verbis:Horat1'i
1285 2144 1387 2183 Flac-

125 2194 213 2244 quia
231 2193 297 2235 lib.
311 2210 350 2245 1,
371 2196 440 2246 Ep.
464 2210 498 2244 1,
516 2195 554 2236 se
570 2195 651 2247 ipse
667 2197 723 2237 di·
775 2198 832 2244 ci,
845 2210 886 2237 ut
905 2198 985 2244 mei,
1008 2200 1071 2251 esto
1085 2214 1216 2238 memor.

122 2246 176 2287 cit
202 2247 352 2289 Nullius
377 2250 575 2290 addietum
596 2252 721 2301 jurare
833 2251 1019 2303 3Hist0ry
1041 2251 1088 2291 of
1100 2251 1164 2290 the
1182 2250 1324 2291 Works
1340 2250 1389 2291 of

122 2300 164 2339 in
188 2299 302 2342 verba
316 2302 498 2354 Magistri.
517 2304 658 2344 Confer
672 2304 721 2346 D.
776 2303 844 2354 the
861 2304 1016 2344 learned
1034 2318 1066 2345 a.
1096 2305 1211 2356 1708,
1237 2318 1276 2355 p.
1294 2304 1385 2344 280.

122 2353 359 2406 Rappoltum
385 2358 425 2397 in
443 2356 578 2399 Horat.
601 2372 640 2410 p.
660 2373 725 2411 27,
778 2358 875 2399 Blbl.
903 2358 1044 2398 choifie
1071 2359 1119 2402 de
1144 2360 1201 2400 M.
1221 2358 1258 2398 le
1275 2357 1385 2399 Clerc

0 2383 1 2387 Ἰ
42 2428 45 2430 ’
120 2409 173 2463 3⁶
192 2410 263 2449 810.
778 2413 894 2453 Tom.
915 2412 1023 2461 XIV,
1044 2425 1129 2464 pag.
1147 2428 1236 2466 223.
1258 2413 1386 2452 Boek-

176 2461 604 2506 2Maecenasdecedens
619 2465 723 2516 prior
775 2465 851 2506 saal
888 2479 962 2507 van
992 2466 1143 2518 Europe
1182 2480 1293 2520 1707.
1322 2465 1383 2515 ΙΙ,

118 2513 326 2558 Horatium
341 2518 507 2570 Augusto
527 2527 722 2560 commen·
775 2533 814 2571 p.
830 2519 921 2561 288.
