1592 2898
150 263 212 298 22
362 245 423 314 Q
491 227 1238 291 HORATIIFLACCI

147 352 389 395 Discernunt
407 351 522 392 avidi.
551 352 646 392 Non
670 364 747 405 ego
767 362 806 392 te
819 381 834 399 ‚
855 352 1014 393 candide
1034 351 1241 400 Bassareu,

148 414 322 455 Invitum
343 415 516 468 quatiam
534 430 542 454 :
571 427 644 454 nec
664 414 787 454 variis
808 412 930 454 obsita
957 413 1160 455 frondibus

147 476 230 519 Sub
257 477 359 516 dium
384 477 545 528 rapiam.
576 475 693 516 Saeva
717 486 806 516 tene
829 489 921 516 cum
947 476 1188 529 Berecyntio

150 539 291 579 Cornu
319 549 534 592 tympana,
557 550 646 591 quae
676 535 920 590 subsequitur
945 550 1072 578 caecus
1093 539 1222 579 Amor
1246 537 1302 579 sui
1317 568 1331 587 ,

149 601 200 642 Et
229 600 369 640 tollens
392 613 566 640 vacuum
589 599 676 652 plus
699 599 820 638 nimio
840 597 978 639 Gloria
1002 600 1217 650 verticem,
1383 612 1428 656 15

149 664 374 717 Arcanique
399 662 509 704 Fides
534 661 722 717 prodiga,
750 661 989 717 perlucidior
1012 663 1132 706 vitro.

589 838 766 885 ODE
827 839 990 885 XIX
1061 897 1069 904 ἱ

487 978 589 1020 DE
656 976 1092 1019 GLYCERA.

595 1102 640 1141 Se
669 1101 765 1141 illius
786 1116 900 1142 amore
919 1103 987 1142 uri.

152 1198 354 1278 MATER
388 1224 491 1266 saeva
519 1222 786 1278 Cupidinum,

205 1291 485 1343 Thebanaeque
507 1287 618 1340 jubet
640 1301 703 1329 me
730 1287 898 1329 Semeles
926 1292 1050 1342 puerss

148 1353 198 1395 Et
227 1353 370 1393 lasciva
395 1351 567 1392 Licentia

203 1415 334 1455 Finitis
357 1415 527 1454 animum
557 1411 715 1452 reddere
733 1412 942 1453 amoribus.

148 1478 240 1519 Urit
269 1489 331 1517 me
353 1475 541 1529 Glycerae
568 1475 673 1515 nitor
1407 1488 1428 1533 5

203 1540 444 1595 splendentis
465 1537 579 1578 Pario
605 1550 802 1579 marmore
825 1539 985 1593 purius:

148 1603 241 1645 Urit
275 1614 383 1656 grata
413 1600 671 1655 protervitas,

181 1661 254 1708 'Et
274 1667 409 1707 vultus
435 1666 599 1706 nimium
628 1665 800 1706 lubricus
824 1663 975 1718 adspici.

150 1730 196 1771 In
218 1743 281 1770 me
303 1740 387 1769 tota
411 1740 529 1768 ruens
555 1727 693 1768 Venus

209 1793 392 1847 Cyprum
420 1790 607 1840 deseruit3
628 1804 700 1832 nec
717 1790 863 1844 patitur
884 1789 1048 1843 Scythas
1061 1819 1076 1837 ,
1381 1802 1431 1832 10

150 1857 199 1898 Et
239 1854 358 1895 verfis
385 1851 601 1893 animosum
626 1853 738 1906 equis

205 1916 389 1958 Parthum
421 1915 569 1964 dicere,
592 1927 666 1955 nec
692 1928 782 1969 quae
805 1913 900 1953 nihil
921 1915 1100 1956 attinent.

148 1982 227 2023 Hic
254 1980 394 2021 vivum
420 1978 514 2018 mihi
540 1977 717 2032 cespitem
735 2007 748 2027 ,
775 1978 835 2018 hic

204 2043 429 2092 Verbenas,
456 2042 594 2096 pueri,
614 2042 773 2095 ponite,
794 2033 962 2095 turaque
979 2068 993 2090 ‚

149 2105 251 2149 Bimi
280 2117 368 2144 cum
390 2114 521 2157 patera
545 2103 664 2143 meri:
1381 2110 1429 2152 ις

206 2166 374 2210 Μᾶᾶὶειῑει
392 2166 523 2208 veniet
543 2165 669 2207 lenior
694 2164 830 2207 hostia.
