1592 2898
324 270 1000 324 'SERMONUM-LIB.
1052 266 1130 319 11.
1286 289 1375 337 ¹97

107 385 173 427 Ad
188 384 329 428 Ιεᾶυιιι
342 383 583 438 :Postquam
606 394 647 425 te
668 381 793 431 talos,
819 382 951 433 Aule,
970 381 1170 437 nucesque

109 446 225 488 Ferre
236 445 327 486 'sinu
348 445 442 487 laxo
457 475 472 496 ,
494 445 640 486 donare
660 445 702 486 δι
720 445 852 485 ludere
882 445 988 493 vidi;

107 506 195 556 Te,
213 506 372 555 Tiberi,
397 518 632 556 numerare,
655 506 763 547 cavis
778 505 1010 547 abscondere
1034 505 1198 548 tristemz

107 569 278 612 Extimui
292 602 305 621 ‚
324 583 374 611 ne
397 583 473 610 vos
496 580 629 624 ageret
648 568 801 610 vesania
823 568 990 618 discors3

110 633 178 674 Tu
194 632 483 686 Nomentanum
497 648 516 680 ‚·
536 644 581 673 ru
602 645 654 673 ne
669 631 871 686 sequerere
891 631 1084 673 Cicutam.
1303 643 1376 687 175

110 694 252 748 Quare
270 707 340 749 per
360 693 492 735 Divos
515 706 652 735 oratus
675 706 842 748 uterque
863 693 1047 742 Penates,

108 755 178 796 Tu
195 758 293 797 cave
313 768 364 796 ne
388 755 562 805 minuas3
582 767 626 796 tu
639 787 652 804 ,
673 769 724 797 ne
747 755 873 808 majus
901 754 1017 796 facias
1041 755 1077 795 id
1091 786 1106 805 ,

110 809 344 870 Quod’satis
356 813 435 856 effe
453 826 563 869 putat
581 826 715 870 pater,
735 816 777 857 &
802 828 939 858 namra
961 827 1129 858 coercet.

109 875 298 917 Praeterea
318 888 367 916 ne
385 888 462 917 vos
479 876 605 917 titillet
626 876 750 931 gloria
762 907 776 925 ,
800 877 912 930 jure-

109 938 286 980 Jnrando
307 938 540 993 obstringam
562 939 705 980 ambo:
729 950 816 980 uter
833 939 969 980 AEdilis
989 938 1158 982 fueritve
1303 939 1379 981 180

24 1029 30 1035 -
109 1002 291 1042 Vestrum
317 1001 488 1051 Praetor,
506 1003 539 1043 is
560 1003 779 1044 intestabilis
800 1004 842 1045 &
867 1003 972 1045 sacer
992 1004 1088 1045 estc.

109 1061 158 1103 In
177 1063 301 1104 cicere
325 1075 441 1115 atque
466 1063 555 1103 faba
578 1064 682 1105 bona
702 1074 747 1104 tu
769 1064 982 1119 perdasque
1000 1065 1143 1119 lupinis
1160 1096 1176 1114 ‚

110 1123 231 1165 Latus
251 1135 297 1164 ut
319 1125 360 1165 in
383 1125 501 1166 Circo
521 1125 710 1179 spatiere,
732 1138 802 1166 aut
824 1139 956 1167 aeneus
979 1138 1025 1167 ut
1050 1127 1149 1176 stes,

111 1185 251 1227 Nudus
272 1187 396 1240 agris,
417 1188 542 1228 nudus
558 1187 727 1228 nummis
741 1218 754 1237 ,
779 1188 930 1237 insane,
953 1190 1144 1242 paternis?

110 1247 262 1289 Scilicet
284 1259 330 1289 ut
356 1248 530 1302 plausus,
552 1262 655 1303 quos
675 1248 750 1290 fert
772 1250 969 1304 Agrippa,
988 1250 1086 1293 feras
1106 1263 1179 1300 tu,
1304 1250 1379 1307 185

112 1310 250 1352 Astura
271 1311 483 1364 ingenuum
510 1312 650 1366 vulpes
670 1312 816 1353 imitata
839 1311 1025 1354 leonem?

114 1371 179 1412 Ne
192 1372 279 1426 quis
296 1371 466 1413 humaffe
478 1373 576 1414 velit
588 1372 752 1425 Ajacem
768 1403 781 1422 ‚
802 1374 939 1415 Atrida
949 1404 962 1423 ,
983 1375 1096 1416 vetas
1116 1373 1213 1416 cur?
1228 1394 1307 1405 ——

111 1432 202 1473 Rex
216 1432 311 1473 sum.
326 1455 386 1464 —
397 1433 464 1474 Nil
481 1434 582 1475 ultra
601 1448 739 1488 quaero
757 1427 943 1489 plebeius.
955 1459 1029 1468 -
1041 1436 1090 1477 Et
1106 1451 1262 1490 aequam

109 1491 214 1533 Rem
237 1493 438 1547 imperito:
461 1507 507 1535 ac
527 1494 557 1535 si
577 1496 641 1536 cui
658 1496 796 1537 videor
820 1509 902 1537 non
926 1496 1074 1549 justus,
1096 1497 1227 1539 inulto

111 1554 281 1606 Dicere,
302 1556 408 1611 quod
425 1555 562 1604 sentis,
578 1557 773 1611 permitto²
785 1558 1049 1599 —Maxime
1061 1571 1222 1613 regum,
1306 1573 1385 1615 190

38 1644 43 1648 -
108 1617 169 1659 Di
186 1619 255 1659 tibi
272 1619 363 1660 dent
381 1630 494 1673 mpta
517 1619 668 1662 classem
690 1621 874 1663 reducere
892 1622 1042 1675 Troia!

111 1679 219 1734 Ergo
242 1680 466 1729 consulere,
482 1683 523 1723 δι
538 1697 634 1724 mox
656 1684 886 1739 respondere
901 1685 1062 1727 licebit?
1077 1707 1160 1719 —-

112 1741 481 1784 consule.—Cur
505 1744 634 1797 Aiax,
655 1746 771 1787 heros
786 1747 835 1788 ab
854 1747 1007 1789 Achille
1030 1746 1240 1800 secundus,

112 1804 302 1854 patescit,
322 1806 439 1847 toties
458 1806 621 1848 servatis
640 1808 771 1850 clarus
790 1809 983 1858 Achivis,

111 1867 292 1911 Gaudeat
306 1878 352 1909 ut
372 1868 544 1922 populus
565 1868 734 1920 Priami,
754 1869 1004 1924 Priamusque
1016 1871 1249 1921 inhumato,
1306 1885 1379 1929 ¹95

110 1928 184 1970 Per
198 1942 314 1983 quem
331 1939 394 1969 tot
407 1929 573 1982 juvenes
589 1931 717 1983 patrio
732 1943 896 1972 caruere
913 1930 1118 1985 sepulcro?
1131 1955 1198 1965 —

110 1991 222 2032 Mille
238 1992 374 2032 ovium
389 1991 541 2033 insanus
554 1994 671 2033 morti
685 1993 810 2043 dedit3
834 1994 1027 2047 inclytum
1045 1995 1202 2036 Ulixem
1214 2025 1230 2044 ,

110 2054 162 2095 Et
181 2054 402 2095 Menelaum
425 2067 503 2095 una
525 2068 678 2096 mecum
701 2055 741 2097 se
760 2056 936 2098 occidere
960 2057 1234 2099 clamans.—

80 2117 82 2119 ’
110 2115 181 2156 Tu
194 2128 286 2156 cum
300 2129 373 2169 pro
391 2116 516 2157 vitula
532 2116 665 2158 statuis
682 2117 835 2158 dulcem
856 2118 999 2160 Aulide
1017 2130 1146 2161 natam

112 2176 220 2219 Ante
235 2190 341 2226 aras,
355 2177 572 2232 spargisque
592 2178 699 2218 mola
723 2190 862 2232 caput,
879 2180 1056 2233 improbe
1071 2213 1084 2231 ,
1109 2180 1219 2230 salsa,
1304 2195 1383 2225 200

112 2237 281 2279 Rectum
299 2239 416 2279 animi
434 2238 587 2280 servas?
599 2239 981 2295 —Quorsumi—
991 2242 1154 2285 Insanus
1166 2243 1259 2299 quid
1277 2245 1383 2286 enim

410 2299 514 2352 Ajax

113 2355 247 2405 Fecit,
269 2370 360 2397 cum
381 2357 512 2400 stravit
534 2359 639 2402 ferro
662 2364 806 2416 pecus?
825 2362 1005 2404 abstinuit
1026 2364 1109 2406 vim

82 2460 87 2464 ,
114 2415 253 2456 Uxore
281 2417 321 2457 δι
342 2429 461 2471 gnato
474 2447 485 2464 ,
508 2420 609 2461 mala
630 2421 752 2462 multa
773 2435 952 2476 precatus
970 2426 1130 2466 Atridis.

113 2476 209 2517 Non
232 2477 294 2517 ille
310 2490 377 2518 aut
391 2479 590 2520 Teucrum
600 2511 612 2529 ,
628 2492 698 2523 aut
709 2481 834 2536 ipsum
850 2485 1020 2527 violavit
1033 2487 1204 2529 Ulixem.
1216 2507 1294 2520 --

31 2605 34 2606 ⁷
112 2537 265 2580 Verum
280 2551 382 2594 ego,
399 2550 445 2581 ut
459 2540 651 2583 haerentes
672 2543 839 2587 adverso
861 2545 977 2588 litore
998 2559 1119 2587 naves
1223 2566 1231 2570 -
1306 2557 1382 2600 ²05

1044 2607 1132 2661 N3
