1592 2898
211 224 271 258 10
428 211 493 281 Q.
546 210 912 260 HORATII
961 213 1265 263 FLACCI

201 311 291 355 Nos
315 315 528 365 convivia,
559 329 633 357 nos
663 316 803 371 proelia
824 317 1048 372 virginum,

202 376 324 418 Seffis
349 378 387 418 in
420 374 587 431 jtivenes
612 380 806 434 unguibus
835 382 1007 429 acrium,

202 438 439 491 Cantamus3
464 442 609 490 vacui,
632 441 714 484 five
740 442 832 496 quid
854 443 1030 493 urimur,

449 503 541 544 Non
566 516 705 559 praeter
731 504 885 549 solitum
910 505 1029 547 leves.
1426 517 1477 548 20

645 657 682 703 Ο
715 657 764 703 D
802 657 846 702 E
913 657 990 702 VI
1001 658 1040 703 I.

280 782 361 823 AD
396 782 703 824 MUNATIUM
734 783 994 827 PLANCUM
1024 783 1404 828 CONSULAREM.

206 910 216 926 ⁴
229 908 337 947 Alias
362 907 468 957 alifis,
487 907 555 959 fibi
585 907 797 947 Tiburtinam
826 907 988 961 regionem
1008 907 1152 961 placere.
1181 908 1377 950 Cohortatio
1400 911 1452 950 ad

738 977 941 1031 voluptates.

200 1059 516 1134 LAUDABUNT
538 1087 601 1128 alii
625 1087 770 1129 claram
795 1086 989 1136 Rhodon,
1014 1098 1082 1130 aut
1105 1086 1353 1141 Mitylenen,

253 1150 338 1190 Aut
363 1149 587 1204 Ephesum,
613 1149 818 1189 bimarisve
844 1149 1025 1189 Corinthi

198 1213 373 1262 Moenia,
402 1213 468 1254 vel
491 1212 647 1253 Baccho
671 1211 850 1260 Thebas,
870 1211 936 1252 vel
958 1210 1142 1265 Apolline
1162 1209 1342 1265 Delphos

252 1275 447 1331 Infignes,
467 1284 534 1316 aut
558 1272 736 1316 Thessala
758 1272 923 1328 Tempe.

194 1337 295 1378 Sunt
315 1336 455 1391 quibus
477 1348 601 1377 unum
624 1348 726 1390 opus
753 1333 830 1384 est,
856 1333 1008 1375 intaaae
1029 1333 1192 1376 Palladis
1215 1347 1321 1376 arces
1450 1347 1470 1390 ς

249 1399 434 1441 Carmine
464 1409 654 1454 perpetuo
684 1397 902 1445 celebrare,
929 1398 970 1438 δι

195 1456 379 1516 Undique
404 1462 624 1515 decerptam
648 1458 769 1500 fronti
797 1471 1026 1518 praeponere
1045 1458 1208 1502 olivam.

251 1523 443 1565 Plurimus
471 1524 510 1564 in
531 1523 697 1565 sunonis
724 1523 933 1571 honorem,

191 1585 346 1640 'Aptum
371 1586 461 1627 dicit
483 1585 596 1641 equis
619 1585 775 1639 Argos,
798 1583 969 1639 ditesque
986 1583 1190 1637 Mycenas.

251 1649 320 1689 Me
342 1661 414 1689 nec
435 1658 514 1688 tam
540 1644 688 1702 patiens
711 1646 1011 1693 Lacedaemon,.
1419 1656 1471 1688 ιο

193 1711 282 1754 Nec
307 1722 383 1752 tam
411 1709 566 1751 Lariffae
590 1708 769 1764 percuffit
795 1721 955 1763 campus
976 1709 1146 1763 opimae,

250 1773 387 1827 Quam
413 1773 555 1814 domus
585 1771 778 1814 Albuneae
806 1770 1046 1819 resonantis,

191 1835 243 1877 Et
268 1848 441 1890 praeceps
462 1835 587 1884 Anio,
611 1847 657 1875 ac
687 1833 858 1875 Tiburni
884 1832 1017 1882 lacus,
1039 1833 1081 1875 &
1100 1832 1176 1874 uda

249 1899 464 1941 Mobilibus
483 1898 659 1953 pomaria
684 1897 788 1938 rivis.

189 1961 319 2002 'Albus
341 1973 384 2002 ut
405 1959 574 2002 obscuro
598 1960 770 2017 deterget
790 1956 923 1999 nubila
949 1956 1054 1998 coelo
1417 1966 1466 2010 ις

248 2024 359 2078 Saepe
383 2023 512 2064 Notus
526 2052 537 2072 ,
558 2025 687 2077 neque
711 2021 875 2076 parturit
899 2021 1041 2061 imbres

187 2085 427 2138 Perpetuos:
459 2083 511 2124 fic
532 2094 578 2124 tu
604 2084 753 2139 sapiens
782 2082 894 2124 finire
920 2091 1118 2124 memento

246 2143 454 2185 Tristitiam
464 2146 469 2153 “
479 2144 650 2197 vitaeque
672 2143 824 2184 labores

191 2208 331 2257 Molli,
361 2206 523 2257 Plance,
550 2219 687 2247 mero:
715 2206 780 2248 seu
804 2217 843 2248 te
871 2206 1055 2260 fulgentia
1080 2204 1197 2260 lignis

247 2269 380 2310 Castra
404 2279 536 2309 tenent
552 2297 567 2316 ,
598 2267 665 2309 seu
693 2267 806 2309 densa
829 2268 974 2309 tenebit
1287 2321 1289 2324 .
1415 2259 1468 2310 2⁸0

191 2333 355 2375 Tiburis
377 2333 517 2374 umbra
540 2332 608 2374 tui.
634 2332 792 2373 Teucer
813 2331 1007 2372 Salamina
1032 2340 1260 2385 patremque

245 2395 352 2436 Cum
373 2394 525 2449 fugeret
541 2425 554 2443 ,
582 2404 712 2435 tamen
739 2394 815 2434 uda
836 2394 963 2445 Lyaeo

186 2456 391 2511 Tempora
410 2456 578 2511 populea
606 2454 729 2496 fertur
752 2454 915 2498 vinxiffe
940 2467 1089 2497 corona
1103 2484 1117 2505 ,

244 2518 306 2559 Sic
330 2516 454 2561 tristes
478 2515 618 2559 affatus
646 2516 813 2558 amicos:
