1592 2898
270 236 362 294 ιμ’
459 232 523 301 Q
587 229 968 277 HORATII
1032 229 1349 277 FLACCI
1407 223 1409 226 ’

261 336 318 378 Ut
340 335 425 377 haec
450 336 630 376 trementi
654 334 810 390 questus
833 347 902 377 ore
927 333 1094 376 constitit

317 396 539 451 Insignibus
563 398 682 452 raptis
703 410 819 452 puer,
1025 385 1040 395 ⁶

262 456 430 510 Impube
453 470 623 511 corpus,
645 458 760 512 quale
785 457 909 512 poffet
933 458 1054 512 impia

310 519 477 560 -Mollire
495 520 694 561 Thracum
715 519 897 577 pe&ora;

260 581 424 623 Canidia
446 582 633 623 brevibus
654 583 846 637 implicata
867 583 1010 636 viperis

317 646 457 687 Crines
479 646 522 686 &
542 647 758 687 incomtum
779 658 920 700 caput,

261 709 378 750 Jubet
406 707 591 763 sepulcris
615 707 821 762 caprificos
846 720 998 758 erutas,

315 772 433 813 Jubet
454 771 651 825 cupreffus
674 771 856 812 funebres
872 799 884 818 ‚
1090 815 1094 820 ,

264 836 315 878 Et
334 837 452 878 uncia
475 837 598 890 turpis
618 849 698 876 ova
715 848 828 876 ranae
852 833 1059 887 sanguine,

318 898 572 954 Plumamque
597 897 801 939 noaurnae
823 895 948 951 strigis
961 927 974 945 ,

220 975 223 978 ·
260 960 510 1015 Herbasque‚
539 973 635 1015 quas
656 959 788 1001 Iolcos
809 967 927 1013 arque
946 956 1072 998 Iberia

315 1024 455 1074 Mittit,
482 1036 728 1065 venenorum
754 1022 865 1063 ferax
878 1051 894 1068 ,

259 1086 312 1129 Et
337 1087 418 1128 offa
437 1088 485 1128 ab
506 1100 578 1128 ore
592 1089 712 1140 'rapta
726 1084 882 1138 'jejunae
904 1084 1033 1134 canis,

307 1149 346 1190 *F
348 1151 497 1192 lammis
519 1150 628 1191 aduri
648 1149 857 1191 Colchicis.

261 1216 318 1257 At
345 1215 521 1269 expedita
545 1214 696 1268 Sagana
714 1244 726 1262 ,
750 1225 818 1267 per
844 1222 967 1253 totam
988 1210 1150 1251 domum

316 1277 512 1333 Spargens
534 1274 751 1316 Avernales
775 1286 896 1328 aquas
909 1304 925 1321 ,

260 1340 410 1381 Horret
433 1336 605 1391 capillis,
628 1347 672 1377 ut
691 1336 891 1383 marinus,
917 1333 1084 1389 asperis,

316 1401 507 1449 Echinus,
531 1411 598 1440 aut
619 1411 779 1440 currens
805 1410 910 1451 aper.

262 1464 416 1506 Aba&a
436 1462 544 1505 nulla
566 1461 671 1514 Veia
697 1458 952 1508 conscientia,

316 1527 529 1581 Ligonibus
554 1525 658 1566 duris
686 1523 850 1563 humum

263 1589 526 1641 Exhauriebat
537 1618 549 1636 ‚
572 1588 773 1640 ingemens
789 1580 987 1623 laboribus
998 1594 1012 1629 ;

318 1655 422 1709 Quo
438 1651 562 1708 poffet
581 1649 741 1699 infoffus
767 1659 865 1702 puer
1004 1642 1007 1644 ’

263 1719 406 1772 Longo
431 1717 493 1757 die
523 1715 581 1755 bis
603 1724 715 1754 terve
737 1720 898 1751 mutatae
924 1705 1032 1761 dapis

272 1810 275 1812 ,
315 1778 486 1820 Inemori
515 1774 764 1830 speciaculm

260 1838 627 1894 Cumrpromineret
650 1847 721 1876 ore
735 1864 751 1883 ,
775 1841 968 1887 quantum
992 1827 1142 1870 exstant
1161 1838 1265 1881 aqua

316 1899 507 1956 Suspensa
535 1907 671 1938 mento
696 1904 888 1948 corpora:

261 1963 406 2006 Exusta
423 1962 483 2002 uti
502 1958 693 2007 medulla,
720 1955 763 1997 δι
791 1955 942 1996 aridum
964 1953 1074 2006 jecur

316 2026 477 2068 Amoris
497 2023 590 2064 effer
614 2019 827 2076 poculum3

260 2090 518 2131 Interminato
543 2098 633 2125 cum
656 2082 771 2124 semel
796 2080 887 2121 fixae
905 2079 995 2139 cibo

314 2148 564 2191 lntabuiffent
583 2145 756 2201 pupulae.

262 2213 356 2254 Non
380 2208 538 2251 defuisse
561 2207 743 2249 masculae
764 2204 930 2246 libidinis

316 2269 599 2315 Ariminensem
626 2268 799 2315 Foliam,

261 2337 310 2378 Et
337 2334 461 2376 otiosa
482 2331 639 2374 credidit
666 2327 877 2383 Neapolis,

316 2400 365 2440 Et
386 2409 504 2438 omne
535 2395 706 2436 vicinum
735 2392 945 2446 oppidum:

264 2462 373 2517 Quae
397 2461 516 2500 sidera
544 2466 747 2498 excantata
773 2466 875 2496 voce
904 2450 1082 2494 Thessala
1098 2483 1114 2500 ,

276 2547 279 2551 ·
309 2527 544 2578 Lunamque
569 2519 674 2562 coelo
700 2517 852 2571 deripit.

503 2609 538 2651 k

1490 589 1538 635 15

1488 902 1540 934 20

1459 1217 1538 1259 ,25

1492 1834 1540 1878 35

1483 2149 1542 2187 40

1417 2453 1540 2502 ''45
