1592 2898
852 0 876 16 U

486 11 500 37 Ι
561 45 566 50 .

153 224 179 253 2
215 209 389 264 Gorgias.
416 205 475 248 Io.
502 204 687 247 Philebus.
718 203 848 245 Meno.
878 204 898 244 1
923 201 1000 243 voi.

155 211 203 321 ’ζ
218 262 428 306 Aicibiades
448 261 465 302 1
488 261 529 300 δι
548 259 597 300 11.
626 258 853 300 Charmides.
874 256 1026 296 Laches.
1050 253 1167 307 Lyfis.
1192 254 1363 309 Hippana

210 318 311 358 chus.
340 316 579 356 Menexenus.
606 311 628 352 l
647 312 725 352 vol.

157 371 204 426 4)
223 369 403 411 Politicus.
435 368 498 408 De
520 365 719 420 republica.
750 363 786 404 11
810 362 903 404 von.

164 441 183 479 ς
219 422 284 464 De
304 423 451 477 iegibus.
481 420 678 474 Epinomis.
704 417 893 458 Timaeus.
923 416 963 457 Il
978 416 1077 456 voll.·

146 427 207 526 63
221 478 365 518 Critias.
390 474 635 516 Parmenides.
663 468 910 515 Convivium.
943 470 1138 510 Phaedrus.
1165 468 1186 510 1
1209 469 1286 509 vol.

156 532 204 587 7)
217 530 373 584 Hippias
389 530 517 568 maior.
540 525 728 581 Epistolae.
752 525 955 565 Axiochus.
986 522 1047 563 De
1068 522 1169 562 iusto.
1201 523 1264 563 De
1286 523 1363 562 vir·v

210 595 299 624 tute.
329 583 583 624 Demodocus.
614 578 794 632 Sisyphus.
826 577 991 630 Eryxias,
1023 575 1242 631 Clitophon.
1276 576 1364 618 De-

209 637 402 678 finitiones.
429 635 446 676 Ι
471 634 551 675 vol.
921 651 924 653 ·

151 691 203 746 8)
221 691 612 783 Platonislargtlimenta
635 685 797 741 exposita
819 686 861 727 &
883 684 1050 726 illustrata
1073 699 1096 724 a
1111 683 1212 725 Diet.
1247 685 1364 724 Tiede-

214 758 353 786 manno.
421 756 472 782 vo
486 772 496 782 .
659 777 663 780 .

47 820 50 821 ⁷
96 799 442 844 ’ΘΟΤΚΤΔΙΔΗΣ,
471 794 706 848 Thncydidis
734 793 782 833 de
815 791 912 832 bello
946 789 1254 843 Peloponnesiaco
1281 789 1365 831 libri

158 853 270 898 osto,
291 850 435 891 Graece
458 850 500 889 δι
521 847 648 887 Latine
674 847 722 887 ad
744 846 940 886 editionem
960 843 1031 884 Ios.
1051 844 1184 884 Wasse
1207 845 1247 884 &
1275 843 1367 885 Car.

159 906 279 946 Andr.
306 903 452 943 Dukeri
477 914 642 942 accurate
671 899 821 954 expreffi
834 929 847 950 ,
880 912 965 938 cum
994 898 1169 939 varietate
1195 897 1362 938 leffionis

162 960 203 999 ἃ
222 956 530 997 annotationibus.
555 956 615 997 VI
633 955 725 994 voll.
972 998 978 1002 N

108 1015 399 1059 ΔΟΥΚῙΑΝΟΣ,
417 1010 568 1050 Luciani
583 1007 623 1049 O
649 1022 731 1054 era,
750 1020 843 1060 quae
866 1003 1027 1051 exstant,
1053 1005 1200 1053 omnia,
1224 1003 1294 1045 Gr.
1316 1005 1361 1046 &

161 1066 244 1106 Lat.
257 1065 304 1104 ad
314 1064 511 1104 editionem
522 1062 610 1103 Tib.
666 1059 884 1100 emsterhufii
899 1057 1010 1099 &10¹
1032 1056 1138 1098 Fred.
1158 1058 1282 1099 Reitzii
1295 1073 1366 1098 ac-

161 1130 284 1159 curate
308 1116 481 1170 expreffi,
507 1129 591 1155 cum
615 1116 788 1154 varietate
808 1114 964 1153 leeiionis
979 1113 1020 1152 &
1035 1123 1174 1151 annott.
1195 1112 1259 1152 IX
1272 1113 1364 1152 voll-

108 1175 440 1218 ΑΡΙΣΤΟΤΕΛΗΣ,
467 1168 667 1210 Aristotelis
694 1167 823 1220 Opera
855 1166 1005 1214 omnia,
1030 1163 1172 1205 Graece
1199 1166 1246 1204 ad
1268 1167 1367 1219 opri-

160 1239 308 1266 morum
335 1224 588 1276 exemplarium
615 1220 726 1261 fidem
747 1221 946 1267 recensuit,
968 1220 1238 1259 annotationem
1268 1220 1364 1258 criti-

161 1293 243 1318 cam
256 1308 269 1326 ,
287 1278 461 1318 librorum
485 1288 698 1328 argumenta
710 1305 721 1323 ,
740 1275 782 1314 &
800 1287 940 1314 novam
970 1272 1176 1313 verfionem
1194 1271 1363 1312 Latinam
1380 1304 1382 1306 .

162 1333 294 1373 adiecit
317 1331 376 1371 10.
394 1330 504 1371 Theo
531 1331 566 1369 h.
586 1329 713 1369 Buhle.
739 1327 830 1369 vol.
856 1327 876 1368 I
902 1348 947 1358 —
973 1325 1039 1366 Ill.

108 1385 308 1438 Scriptores
329 1385 464 1424 Erotici
477 1345 611 1424 (gaeci
630 1382 770 1430 V01.1‚
791 1381 974 1422 Achillem
990 1378 1142 1420 Tatium
1159 1380 1363 1420 continens.v

163 1440 324 1480 Textum
355 1438 590 1491 recognovit,
612 1435 849 1489 selectamque
872 1434 1033 1475 leffionis
1059 1434 1271 1477 varietatem
1298 1434 1364 1480 ad-⁴

163 1494 246 1535 iecit
264 1491 356 1534 Chr.
379 1490 482 1533 Gau.
508 1490 757 1543 muscherum.
