1592 2898
0 2598 2 2621 V

349 253 852 320 SERMONUM'
886 242 1111 318 1211311.
1166 250 1169 251 ⁷
1282 273 1367 322 181

109 371 366 426 Diflorquens
386 373 549 423 oculos,
572 385 619 415 ut
641 387 705 415 me
728 374 916 428 eriperet:
944 375 1044 415 male
1062 373 1177 416 salsus
1324 375 1377 429 65

7 474 10 475 ⁷
45 484 48 487 .
109 430 253 475 Ridens
271 431 669 474 diflimulare:·meum
688 434 797 486 jecur
822 447 934 475 urere
957 434 1055 475 bilis.

106 490 226 532 Certe
249 491 382 532 nescio
399 493 658 546 quidsecreto
683 495 784 536 velle
809 496 918 549 loqui
937 506 977 536 te

0 557 21 603 Ξ
107 552 253 606 Ajebas
271 569 436 597 mecum.
452 579 497 587 —
517 558 683 598 Memini
706 558 827 606 bene;
846 557 907 598 sed
932 556 1084 598 meliori

3 605 20 654 ἲ
109 613 307 670 Tempore
323 615 464 657 dicam:
490 617 604 658 hodie
627 617 816 659 tricesima
843 618 1024 659 subbata:
1050 617 1130 660 vin’
1151 629 1196 659 tu

0 678 22 717 ’ἡ
108 673 244 716 Cunis
260 677 404 717 Judaeis
423 677 643 731 oppedere?
672 678 789 719 Nulla
816 679 935 728 mihi,
964 680 1145 733 inquam,
1323 688 1383 731 70

107 735 269 791 Religio
291 737 358 780 est.
375 762 422 770 —
438 740 495 780 At
525 741 604 781 mi:
630 740 712 781 sum
733 742 850 795 paulo
877 741 1067 782 infirmior
1083 772 1096 789 ‚
1122 753 1225 782 unus

108 789 350 840 Multorum:
371 800 547 854 ignosces
557 816 572 852 3
591 801 683 843 alias
702 803 856 856 loquar.
876 826 922 834 —
939 803 1145 845 Hunccine
1164 802 1284 844 solem

10 853 25 898 ΕΞ
106 859 210 901 Tam
231 861 382 915 nigrum
402 861 557 903 surrexe
582 864 697 904 mihi!
721 863 819 918 fugit
838 865 1063 918 improbus,
1083 878 1128 907 ac
1153 877 1216 906 me

14 918 19 923 '
95 920 192 962 ‘sub
217 923 345 964 cultro
365 923 514 976 linquit.
539 924 643 965 Casu
674 926 785 965 venit
814 926 959 966 obvius
986 925 1039 965 illi

11 994 26 1043 j
109 983 391 1025 Adversarius:
422 986 492 1034 &,
513 985 616 1040 Quo
637 997 681 1027 m
703 986 942 1040 turpiffime?
971 1000 1110 1042 magna
1324 997 1379 1040 75

110 1045 308 1086 Exclamat
328 1059 453 1095 voce,
483 1047 524 1088 δι
539 1077 552 1094 ,
572 1048 681 1089 Licet
698 1048 903 1089 antestari?
922 1050 1009 1102 Ego
1027 1061 1128 1090 vero

110 1107 289 1162 Oppono
306 1109 538 1151 auriculam:
563 1111 663 1165 rapit
684 1112 724 1151 in
750 1111 837 1164 jus:
858 1112 1004 1153 clamor
1031 1112 1235 1166 utrinque:

112 1168 294 1224 Undique
317 1170 540 1212 concursus.
566 1171 631 1212 Sic
653 1183 717 1212 me
741 1170 911 1214 servavit
931 1171 1092 1226 Apollo.

484 1364 879 1414 SATIRA
938 1367 996 1414 Χ.

167 1521 234 1563 IN
281 1521 586 1581 INEPVTOS
636 1526 901 1572 LUCILII
947 1527 1326 1571 FAUTORES.

623 1670 646 1690 η.
726 1671 747 1691 *
830 1672 851 1691 ut

22 1794 27 1798 .
114 1727 325 1806 Luclu,
347 1775 452 1812 quam
471 1762 525 1813 fis
549 1761 755 1814 mendosus,
781 1764 855 1816 teste
876 1765 1007 1804 Catone

29 1826 37 1832 ”
115 1819 306 1873 Def‘ensbre
328 1834 387 1861 tuo
406 1822 608 1875 peryincam
623 1854 637 1871 ‚
663 1825 726 1876 qui
743 1825 832 1863 male
851 1824 970 1877 fixblos

115 1885 308 1924 Emendare
330 1897 439 1938 parat
463 1885 595 1938 versus.
622 1889 707 1926 Hoc
733 1887 847 1926 lenius
869 1888 950 1936 ille,

116 1947 179 2001 Est
203 1961 272 1999 quo
299 1947 357 1986 vir
375 1949 518 1989 melior:
547 1949 646 2002 longe
660 1949 828 2002 subtilior
845 1950 909 1989 illo
922 1981 936 2000 ,

121 2004 197 2058 Qui
216 2007 362 2047 multum
378 2023 467 2062 puer
488 2010 524 2049 6·
550 2011 635 2049 loris
659 2011 695 2050 6»
706 2010 859 2063 funibus
879 2012 960 2050 udis
1357 2026 1378 2067 ς

118 2068 363 2117 Exhortatus,
393 2082 434 2109 ut
449 2070 527 2123 fft
548 2086 645 2125 opem
674 2073 736 2125 qui
750 2071 841 2126 ftrre
865 2074 978 2127 poetis

118 2130 292 2183 Antiquis
310 2131 422 2185 pofflt
444 2146 565 2172 contra
582 2132 732 2188 fastidia
753 2138 893 2189 nostra,

30 2236 40 2246 γ’
122 2191 437 2233 Grammaticorum
459 2194 609 2247 equitum
629 2196 848 2248 doblzffimus.
881 2199 935 2237 Ut
955 2198 1087 2238 redeam
1108 2196 1211 2242 illuc.

625 2326 648 2347 ὅ
729 2327 752 2349 ’ss
832 2327 856 2349 ζ

123 2389 313 2473 Naum:
337 2420 594 2475 incompofito
617 2425 694 2464 dixi
718 2426 814 2479 pede
833 2439 990 2468 currere
1011 2427 1147 2470 versus

118 2479 258 2520 Lucili.
292 2480 398 2534 Quis
425 2493 501 2523 tam
531 2485 654 2526 Lucili
678 2485 808 2527 fautor
826 2489 953 2541 inepte
980 2489 1060 2538 est,

122 2541 180 2585 Ut
207 2553 288 2583 non
305 2541 383 2585 hoc
407 2541 597 2586 fateatur?
620 2547 676 2587 At
695 2548 819 2597 idem,
852 2550 960 2604 quod
985 2549 1061 2591 sale
1083 2551 1208 2593 multo

1041 2613 1136 2666 Μ3
