1592 2898
267 227 367 274 116
476 227 541 296 Q.
594 224 959 275 HORATII
1015 229 1325 279 FLACCI

260 328 449 383 Ereptum
476 329 623 385 Stygiis
653 330 837 374 fluetibus
857 333 1024 374 AEacum
1453 330 1459 335 ’
1489 346 1540 392 25

261 391 429 441 Virtus,
446 392 488 432 δι
514 391 654 443 favor,
680 393 721 434 δι
741 393 872 447 lingua
893 395 1116 448 potentium

261 454 412 495 Vatum
439 454 626 496 divitibus
652 455 850 497 consecrat
874 456 1015 499 insulis.

260 514 439 568 Dignum
467 516 581 557 laude
609 518 741 559 virum
765 517 879 560 Musa
907 529 1018 560 vetat
1043 521 1170 563 mori:

261 577 381 619 Coelo
400 579 514 620 Musa
540 579 643 620 beat.
664 580 728 621 Sic
751 579 866 621 Jovis
885 579 1040 625 interest

259 639 419 693 optatis
441 640 564 694 epulis
586 640 747 694 impiger
769 640 984 682 Hercules:
1495 655 1545 698 30

259 702 423 743 Clarum
444 702 686 754 Tyndaridae
709 701 811 742 fidus
827 703 877 743 ab
906 701 1052 745 in'fimis
1448 696 1451 699 ’

259 763 430 817 Quassas
456 765 625 818 eripiunt
650 765 879 819 aequoribus
902 776 1028 807 rates:

259 826 434 868 Ornatus
458 827 571 869 viridi
594 837 774 881 tempora
803 830 991 883 pampino

259 889 373 933 Liber
395 900 492 936 vota
513 891 644 934 bonos
663 892 769 933 ducit
797 893 847 933 ad
868 893 1011 934 exitus.

736 1102 930 1148 ODE
988 1102 1084 1150 IX.

561 1223 676 1297 AD
756 1253 1234 1297 LOLLIUM.

260 1398 402 1453 'Scripta
426 1396 501 1450 sua
532 1410 716 1449 nunquam
735 1367 934 1436 interitura.
973 1395 1059 1435 Sine
1080 1406 1263 1449 poetarum
1293 1407 1356 1448 ope
1380 1392 1541 1434 virtutem

339 1461 516 1502 oblivione
538 1459 751 1514 sempiterna
781 1460 894 1501 deleri.
930 1460 976 1498 Se
1001 1458 1082 1511 suis
1111 1458 1260 1510 verfibus
1293 1470 1343 1496 res
1363 1471 1389 1495 a
1421 1455 1542 1495 Lollio

337 1525 446 1578 gestas
468 1522 637 1562 memoria
663 1521 900 1575 proditurum.
926 1521 1028 1560 Laus
1050 1518 1250 1573 constantia
1263 1548 1279 1567 ,
1304 1515 1541 1570 abstinentia,

340 1586 379 1626 6·
402 1598 589 1626 ceterarum
609 1583 794 1623 virtutum.

258 1707 334 1787 N
335 1750 357 1779 E
384 1737 487 1780 forte
515 1734 652 1778 credas
674 1732 875 1774 interitura
890 1762 903 1780 ,
925 1741 1042 1784 quae,

256 1801 395 1854 Longe
419 1798 626 1839 sonantem
646 1806 760 1835 natus
781 1793 831 1834 ad
853 1791 1044 1833 Aufidum
1054 1799 1072 1840 ,‘

311 1862 407 1903 Non
433 1870 523 1900 ante
546 1857 728 1912 vulgatas
749 1866 818 1910 per
845 1864 947 1895 artes

365 1920 500 1962 Verba
522 1919 669 1974 loquor
691 1915 870 1958 socianda
893 1913 1062 1956 chordis.

258 2037 354 2079 Non
367 2067 387 2088 ,κ
407 2036 438 2077 si
462 2035 616 2090 priores
639 2032 839 2074 Maeonius
863 2041 971 2072 tenet
1518 2035 1540 2079 ς

259 2099 377 2141 Sedes
398 2099 623 2144 Homerus,
647 2095 860 2136 Pindaricae
887 2094 1030 2144 latent,

314 2159 488 2213 Ceaeque
503 2188 515 2205 ,
543 2158 586 2199 δι
612 2158 742 2198 Alcaei
768 2157 938 2197 minaces
953 2184 966 2204 ‚

369 2221 662 2276 Stesichorique
681 2232 822 2275 graves
849 2218 1057 2260 Camenae:

258 2341 345 2384 Nec
360 2369 373 2390 ‚
397 2339 426 2380 fi
449 2339 544 2393 quid
564 2337 659 2378 olim
677 2336 769 2378 lufit
792 2334 1026 2382 Anacreon,

258 2402 421 2446 Delevit
446 2411 564 2442 aetas:
592 2400 707 2455 spirat
727 2399 851 2439 adhuc
871 2409 1006 2447 amor,
1493 2399 1542 2428 10
1564 2419 1568 2423 .

312 2466 551 2518 Nivuntque
575 2462 764 2505 commiffi
794 2462 946 2502 calores

319 2550 324 2554 ·
369 2526 510 2573 AEoliae
536 2525 676 2568 fidibus
692 2523 848 2580 puellae.
