1592 2898
184 245 239 279 12
376 229 862 299 Q1H0RAT11
919 229 1220 277 FLACCI

635 401 828 447 ODE
903 364 1038 447 IX.v

399 545 506 586 AD
559 541 1222 587 THALIARCHUM.

515 677 638 717 Hieme
661 676 903 731 indulgendum
926 675 1111 729 voluptati.

178 809 379 886 ths,
407 849 451 879 ut
476 838 551 878 alta
570 838 640 879 flet
667 839 762 879 nive
781 840 985 882 candidum

176 900 354 949 Soracte,
386 913 456 941 nec
483 900 563 953 jam
586 900 789 942 sustineant
816 915 919 944 onus

230 963 346 1005 Silvae
363 963 604 1012 laborantes,
623 964 792 1017 geluque

282 1025 463 1067 Flumina
485 1025 723 1069 constiterint
744 1026 888 1068 acuto?

177 1131 357 1173 Diffolve
377 1131 523 1186 frigus,
547 1131 651 1185 ligna
672 1130 785 1185 super
808 1130 903 1172 foco

176 1189 300 1246 Large
322 1205 537 1246 reponens;
562 1202 677 1246 atque
701 1192 906 1245 benignius

231 1254 437 1308 Deprome
457 1254 701 1308 quadrimum
720 1252 861 1294 Sabina
877 1284 890 1302 ‚

284 1316 326 1357 O
348 1316 601 1365 Thaliarche,
629 1315 781 1369 merum
806 1315 923 1356 diota.

177 1422 359 1464 Permitte
380 1421 497 1462 Divis
522 1431 669 1461 cetera:
693 1419 760 1473 qui
779 1417 890 1458 simul

176 1485 356 1526 Stravere
378 1496 518 1525 ventos
539 1496 703 1537 aequore
734 1481 890 1523 fervido

231 1547 540 1601 Deproeliantes‚
563 1558 635 1586 nec
661 1544 826 1599 cupreffi
841 1572 854 1595 ‚

284 1610 370 1650 Nec
398 1608 549 1651 vet'eres
571 1608 766 1662 agitantur
794 1606 896 1647 orni.

170 1716 291 1770 ‘Quid
313 1715 359 1755 fit
385 1713 560 1757 futurum
586 1726 695 1762 cras,
722 1711 814 1767 fuge
835 1724 1033 1765 quaerere:
1056 1710 1099 1752 δι

176 1779 314 1833 Quem
334 1777 418 1818 sors
439 1779 589 1819 dierum
614 1789 771 1831 cunque
798 1775 903 1816 dabit
917 1806 930 1824 ,
958 1775 1090 1816 lucro·

228 1845 424 1897 Appone:
453 1856 524 1884 nec
557 1841 687 1882 dulces
713 1854 866 1882 amores
1026 1836 1030 1840 ’

282 1904 427 1960 Sperne
450 1917 571 1962 puer,
594 1917 721 1958 neque
743 1915 785 1944 tu
804 1903 993 1957 choreas;

177 2007 320 2049 Donec
346 2008 488 2049 virenti
512 2008 673 2048 canities
692 2006 796 2047 abest
960 1989 972 2019 Ι

173 2072 349 2112 Morosa.
378 2072 495 2112 Nunc
515 2071 556 2111 δι
581 2074 764 2124 campus,
791 2070 833 2110 δι
856 2082 984 2116 areae,

230 2133 430 2187 Lenesque
456 2133 525 2173 sub
549 2134 703 2174 noctem
730 2131 870 2172 susurri

283 2195 514 2251 Composita
536 2200 758 2249 repetantur
787 2194 908 2235 hora:

176 2303 293 2344 Nune
317 2303 359 2343 δι
385 2303 535 2343 latentis
559 2301 736 2355 proditor
755 2295 930 2341 intimo·

175 2365 326 2407 Gratus
357 2365 496 2419 puellae
525 2364 618 2404 risus
639 2363 687 2403 ab
707 2362 853 2415 angulo
867 2391 880 2409 ,

228 2427 447 2483 Pignusque
469 2428 670 2481 dereptum
693 2425 869 2474 lacertis,

285 2491 370 2532 Aut
396 2491 521 2544 digito
542 2489 643 2531 male
667 2486 863 2543 pertinaci.

1401 1489 1455 1520 10

1397 2198 1450 2228 20
