1592 2898
240 258 421 294 Lxxxv
485 249 804 298 NOTITIA
848 247 1258 301 LITERA'RIA

245 498 346 550 1776

403 337 539 387 Opera.
561 339 737 380 Norimb.
760 352 818 380 12.
940 355 945 359 ·
1136 374 1139 378 -

244 402 341 444 ¹775
397 390 458 440 Jo.
489 391 628 432 Bet-nh.
664 394 826 445 Basedov
867 379 1162 446 Encyclopaedia
1196 361 1521 447 philanthropia:

403 446 552 485 Horatii
570 447 697 486 Flacci.
721 447 762 488 Li
768 447 818 497 ps.
843 447 880 487 8.
905 447 1074 489 Inutilis..
1134 489 1137 492 .
1573 494 1578 499 ,

401 499 476 550 Γᾳςὶ
493 499 628 540 Latine
643 515 684 541 -c.
698 502 790 541 vers.
811 501 938 542 Germ.
959 504 995 542 &
1012 502 1111 542 notis
1122 500 1207 552 Jac.
1222 502 1251 544 F
1254 503 1322 544 rid.
1338 504 1503 544 Schmidt.

405 553 555 603 Gothae,
571 568 589 606 3
605 563 698 595 tom.
710 556 749 595 8.
762 555 904 596 Melius
917 569 1008 596 vero
1022 555 1155 598 Latine
1163 557 1301 608 legitur
1311 556 1508 599 Horatius.

240 608 582 648 0-——-—Horatius
609 610 656 648 de
681 622 759 649 arte
781 611 956 660 poetica,
977 610 1211 651 accesserunt
1234 611 1308 652 alia
1332 612 1507 662 quaedam

246 779 348 818 ι777

403 661 562 717 Horatii*
577 665 766 710 carmina,
790 666 826 704 ἃ
843 664 961 703 clavis
983 664 1157 704 locorum
1176 665 1432 706 difficilimum
1449 668 1509 706 in-

403 718 715 763 terpretationem
736 718 933 767 adJ'uvans.
953 717 1074 759 Halae.
1102 733 1160 759 12.

402 769 437 818 J.
449 770 492 811 F.
502 773 631 824 Engeri
645 785 788 812 comm.
801 774 841 812 in
854 772 990 812 selecta
1006 773 1152 813 Horatii
1166 771 1265 813 loca.
1279 772 1432 814 Vratisl.
1449 787 1506 814 12.

404 836 492 864 cum
515 835 661 866 annott.
680 825 838 867 Gallicis
858 826 954 868 Lud.
969 828 1140 878 Poinfinet
1153 827 1201 866 de
1213 828 1333 879 Sivry.
1348 829 1443 867 tomi
1459 827 1506 868 ΙΙ.

402 879 512 919 Paris.
527 880 562 919 8.
579 881 719 921 Sivrius
735 893 824 919 cum
837 879 923 920 satis
938 879 1076 920 multas
1089 881 1310 920 criticorum
1326 882 1509 923 emendd.

402 933 442 972 in
465 942 686 974 contextum
714 935 880 985 recepit,
906 948 987 974 tum
1012 934 1091 986 ipse
1119 935 1291 985 inprimis
1313 936 1352 974 in
1377 935 1508 974 distra-

403 988 593 1029 ctionibus
610 990 784 1039 quaedam
801 990 972 1037 novavit,
986 1003 1058 1043 quae
1070 1003 1202 1038 vereor,
1215 989 1338 1039 inquit
1350 989 1373 1038 J
1376 990 1482 1029 anius
1494 1019 1508 1036 ,

402 1053 443 1080 ut
463 1044 577 1082 omnia
597 1044 736 1095 probari
759 1044 844 1083 viris
860 1044 967 1084 donis
979 1043 1116 1096 poffint.
1135 1045 1179 1083 In
1200 1045 1481 1084 adnotationibus
1493 1073 1507 1090 ,

402 1095 626 1136 observante
643 1097 754 1146 Janio
766 1127 778 1144 ‚
796 1098 834 1136 id
848 1097 879 1136 ei
892 1097 968 1149 fuit
982 1098 1112 1150 consilii
1127 1100 1355 1151 propositum,
1375 1111 1414 1136 ut
1432 1099 1509 1137 Ho-

402 1151 528 1191 ratium
552 1168 576 1191 a
597 1151 764 1205 dtffblutae
784 1150 937 1203 lafiiviae'
953 1153 1089 1192 crimine
1107 1151 1281 1200 merant,
1301 1152 1337 1190 δ’
1360 1154 1507 1202 ostende-

403 1217 467 1251 ret,
492 1207 606 1245 omnia
625 1206 776 1246 carmina
795 1205 975 1258 luxuriosa
995 1206 1031 1245 δ’
1043 1206 1258 1259 voluptaria,
1277 1220 1351 1260 quae
1362 1208 1398 1245 in
1412 1205 1510 1244 illius

401 1260 556 1313 operibus
571 1260 683 1312 sunt,
704 1260 793 1300 nihil
815 1260 879 1313 ff
900 1262 966 1312 m'fi
984 1262 1145 1312 verfiones
1167 1261 1363 1301 Graecorum
1385 1261 1509 1300 carmi-

402 1330 484 1354 num
501 1315 707 1361 Alcmanis,
729 1315 934 1366 Stesichori,
955 1314 1093 1360 Alcaei,
1114 1314 1272 1354 aliorum.
1295 1313 1403 1366 Cujus
1427 1314 1522 1365 opi--

403 1368 517 1407 aionis
536 1371 651 1421 gratia
671 1369 833 1422 pleraeque
855 1369 1095 1409 adnotationes
1112 1368 1249 1421 scriptae
1262 1369 1372 1419 sunt,
1396 1369 1446 1407 ad
1464 1367 1510 1405 il-

376 1434 379 1454 }
403 1423 538 1473 Iamque
558 1422 745 1474 referuntur
754 1439 771 1471 ;
794 1423 945 1477 rquuae,
966 1438 1036 1461 non
1056 1423 1169 1462 multae
1187 1424 1394 1467 admodum,
1407 1422 1524 1473 perti--

403 1489 484 1516 nent
507 1479 564 1515 vel
588 1480 638 1516 ad
649 1476 855 1528 defendenda
874 1493 934 1524 ea,
955 1489 1028 1529 quoe
1049 1477 1195 1515 novavit
1214 1477 1268 1515 vir
1287 1476 1485 1527 doffl'ffi'mus
1497 1505 1509 1524 ,

403 1532 461 1571 vel
477 1535 528 1571 ad
542 1533 822 1585 comparationem
838 1533 1054 1576 Graecorum,
1064 1529 1138 1582 ftre
1153 1530 1292 1583 petitam
1309 1546 1326 1569 e
1341 1530 1524 1577 Dacerio,.
1570 1532 1592 1571 ⁴2

322 1620 325 1624 .
403 1585 462 1624 vel
484 1586 619 1639 denique
639 1588 690 1625 ad
702 1586 808 1625 aliam
836 1586 919 1625 Viro
949 1585 999 1624 Cl.
1016 1585 1191 1637 propriam
1214 1584 1423 1637 opinionem,
1441 1593 1509 1634 qua

249 1958 349 2014 1778

404 1640 544 1679 nomina
560 1655 661 1694 quam
677 1640 825 1694 plurima
837 1669 849 1686 ,
865 1639 1019 1691 inpritnis
1040 1638 1184 1684 Graeca„
1204 1640 1301 1689 apud
1319 1638 1522 1677 Horatium-

403 1693 526 1741 obvia,
547 1709 620 1747 quoe
641 1694 706 1734 huc
723 1693 825 1747 ufiJue
843 1706 907 1745 pm
922 1692 1073 1746 propriis
1093 1694 1212 1731 hahita
1227 1692 1334 1744 sunt,
1353 1691 1520 1745 appella--

403 1749 480 1787 tiva
500 1748 564 1801 effi
587 1748 717 1798 censit,
737 1765 755 1787 e
774 1748 891 1787 Graeco
902 1747 1053 1798 firmant
1077 1747 1122 1784 ab
1143 1745 1295 1786 Horatio
1313 1746 1512 1799 simpliciter

405 1803 536 1842 Latina
555 1802 677 1852 fiu‘la:
702 1804 794 1842 velut
817 1801 954 1841 Sestius
983 1801 1013 1839 ei
1035 1802 1079 1853 est
1098 1814 1161 1851 pro
1191 1801 1350 1839 conviva
1373 1805 1418 1852 (e
1440 1801 1506 1840 Gr.

406 1854 582 1906 ἓστιοῃ)
606 1856 778 1896 Damalis
795 1871 860 1910 pro
881 1857 1069 1905 iuvenca,
1089 1853 1183 1893 Petti
1198 1869 1265 1908 pro
1284 1852 1514 1902 latrunculif
1588 1879 1592 1881 -

403 1912 540 1951 ’.τε-ιτα)
559 1912 623 1950 δέ.
1587 1918 1592 1932 ·-

407 1966 459 2015 Q.
474 1964 523 2005 H.
539 1965 578 2005 F.
596 1964 725 2014 Opera
744 1962 952 2011 recensuit,
975 1962 1155 2001 varietate
1176 1960 1348 2001 lectionis
1372 1962 1406 2000 δι
1427 1973 1515 2009 pet·
1588 1964 1590 1967 ’

406 2028 521 2069 petua
547 2019 799 2058 adnotatione
826 2017 1019 2056 illustravit
1039 2016 1094 2056 Μ.
1124 2015 1354 2055 Christianus
1382 2013 1507 2054 David

406 2074 503 2114 Jatu'.
527 2073 675 2113 Tomus
695 2071 725 2112 l.
750 2072 902 2122 Lipfiae,
923 2070 1106 2110 sumtibus
1125 2070 1162 2110 S,
1187 2069 1226 2109 L.
1250 2067 1365 2108 Crufii
1396 2067 1511 2116 1778.

408 2127 432 2166 8
449 2129 538 2176 maj.
561 2127 673 2168 Tom.
690 2125 738 2166 II.
760 2125 872 2175 1782.
896 2126 975 2175 Qui
998 2124 1076 2163 duo
1095 2124 1191 2163 tomi
1211 2122 1392 2161 exhibent
1405 2121 1512 2162 oda.

408 2193 493 2220 rum
517 2181 632 2220 libros
656 2181 733 2233 JV,
762 2181 810 2219 de
834 2192 909 2229 qua
936 2178 997 2217 ed.
1022 2178 1132 2217 nobis
1150 2177 1298 2226 setiam,
1329 2176 1434 2227 quod
1459 2175 1510 2214 ad

409 2234 516 2274 Odas
539 2235 696 2281 attinet,
717 2246 805 2273 cum
829 2232 1055 2273 Gesneriana
1077 2229 1218 2272 collata
1232 2261 1244 2280 ,
1265 2230 1371 2270 lubet
1389 2238 1517 2268 trans--

407 2288 570 2329 scribere
593 2289 785 2337 judicium
811 2300 831 2326 a
853 2286 941 2326 clar.
968 2285 1138 2326 Harlefio
1164 2284 1307 2324 lutrod.
1330 2284 1371 2323 in
1395 2282 1508 2323 Noti-

410 2343 500 2382 tiam
519 2342 611 2383 liter.
624 2342 738 2388 Rom.
753 2341 969 2391 Noribergae
985 2339 1100 2390 1781,
1114 2338 1211 2386 P.11‚
1228 2352 1265 2388 p.
1284 2350 1354 2390 393
1368 2336 1509 2376 latum:

410 2395 574 2446 „Multa
597 2395 772 2446 exempla
794 2394 930 2444 scripta
955 2394 1132 2444 editaque
1151 2392 1309 2441 collegit
1331 2389 1512 2433 contulita
1571 2415 1574 2418 ι

411 2463 486 2500 que
509 2450 555 2490 cl.
573 2451 685 2499 jani,
703 2449 894 2499 vulgatam
919 2448 1074 2498 quidem
1095 2446 1351 2486 recensionem
1383 2443 1511 2501 posuit
1572 2485 1574 2491 ,

410 2504 522 2544 instar
538 2503 804 2544 fundamenti:
825 2511 1048 2542 contextum
1070 2509 1199 2540 tamen
1220 2500 1270 2539 ad
1284 2498 1511 2539 MSStorum
1564 2519 1565 2522 =

411 2559 676 2599 auctoritatem
693 2559 729 2599 ὁὶ
750 2556 836 2598 artis
860 2556 997 2598 critieae
1018 2554 1120 2607 leges
1142 2553 1266 2595 sobria
1282 2553 1513 2594 verecunda·
1591 2585 1592 2600 ,
