1592 2898
221 226 313 277 180
423 228 485 297 Q.
536 226 911 297 HUORATII
969 226 1269 287 FLACCI

217 331 408 381 Confice;
437 345 605 385 namque
629 331 740 372 instat
767 331 892 372 fatum
916 331 1008 372 mihi
1032 331 1160 382 triste,
1187 332 1334 374 Sabella

219 396 348 450 Quod
378 408 504 449 puero
533 395 695 440 cecinit,
723 394 855 435 divina
879 405 983 434 mota
1008 407 1104 435 anus
1128 408 1250 437 urna:
1444 406 1496 449 30

218 461 331 500 Hunc
361 471 465 510 neque
491 457 569 496 dira
595 470 756 504 venena,
782 469 844 495 nec
868 457 1017 511 hosticus
1039 457 1170 509 auferet
1193 460 1303 511 ensis,

218 519 298 559 Nec
326 519 470 568 laterum
498 519 622 566 dolor,
647 530 712 556 aut
732 518 848 570 tuffis,
882 531 945 558 nec
966 519 1069 557 tarda
1093 520 1253 573 podagra
1261 536 1279 569 ,-

221 580 399 633 Gartulus
425 580 519 618 hunc
546 580 689 632 quando
721 578 898 631 consumet
920 593 1080 631 cunque.-
1103 579 1289 632 loquaces,

218 642 262 680 Si
273 640 424 694 sapiat,
453 641 561 689 vitet,
580 641 794 694 fimulatque
817 642 1008 681 adoleverit
1032 653 1132 681 aetas.

217 702 396 743 Ventum
419 714 500 743 erat
525 703 571 750 ad
597 702 752 752 Vestae,
774 714 914 757 quarta
934 702 1012 756 jam
1033 714 1142 757 parte
1169 704 1243 744 diei
1444 713 1492 757 35

218 763 441 813 Praeterita3
472 763 514 803 δι
541 762 629 804 casu
655 775 749 804 tune
777 763 1006 818 respondere
1037 766 1180 806 vadato

218 826 424 868 Debebat:
448 828 563 881 ⁴quod
589 828 630 867 ni
653 826 818 875 feciffet‚
849 828 1007 881 perdere
1032 828 1150 869 litem.
1195 868 1199 872 .

219 889 261 930 Si
281 902 343 930 me
368 903 499 940 amas,
522 890 650 944 inquit
665 921 678 939 ‚
705 890 864 944 paulum
885 890 947 930 hic
965 890 1067 930 ades.
1082 912 1129 921 -
1149 888 1360 938 Inteream‚
1387 886 1418 927 fi

216 954 303 994 Aut
329 951 442 993 valeo
466 951 588 1000 stare,
614 964 683 993 aut
711 954 808 994 novi
831 953 964 994 civilia
992 953 1104 1006 jura:
1140 995 1142 997 ,

218 1014 269 1055 Et
281 1027 452 1070 propero
463 1028 545 1068 quo
558 1014 639 1055 scis.
655 1038 701 1045 -
717 1014 872 1069 Dubius
890 1015 972 1056 sum
989 1015 1081 1069 quid
1096 1014 1253 1065 faciam,
1269 1014 1415 1068 inquit3
1445 1025 1498 1062 49

219 1076 331 1117 Tene
345 1076 558 1129 ‘relinquam
571 1107 582 1125 ,
600 1089 648 1116 an
661 1090 757 1117 rem.
775 1100 820 1108 —
836 1078 927 1127 Me,
944 1076 1068 1118 sodes.
1084 1100 1130 1108 —
1145 1078 1239 1119 Non
1251 1076 1408 1124 faciam,
1420 1075 1498 1117 ille.

219 1137 269 1179 Et
291 1138 512 1192 praecedere
534 1138 665 1195 coepit.
702 1139 789 1193 Ego
813 1140 886 1193 (ut
910 1139 1145 1181 contendere
1166 1141 1303 1183 durum
1323 1138 1378 1181 est

220 1200 325 1241 Cum
348 1200 526 1255 νὶᾶοτε)
554 1201 766 1256 sequor.—
792 1203 987 1244 Maecenas
1010 1204 1216 1258 quomodo
1237 1203 1396 1246 tecum?

218 1262 325 1302 Hinc
353 1261 566 1314 repetin—
578 1260 798 1307 Paucorum
814 1262 1042 1313 hominum,
1061 1263 1102 1311 ,δι
1114 1266 1251 1310 mentis
1262 1266 1362 1308 bene
1377 1264 1500 1311 sanae:

220 1323 351 1364 Nemo
377 1323 570 1363 dexterius
590 1322 753 1364 fortuna
774 1323 828 1364 est
842 1323 946 1366 usus·
961 1348 1008 1356 —
1033 1325 1206 1368 Haberes
1447 1322 1498 1380 45

220 1385 412 1438 Magnum
435 1382 658 1444 adjutorem
673 1414 685 1431 ,
710 1382 832 1437 poffet
852 1385 919 1439 qui
938 1383 1039 1426 ferre
1062 1385 1274 1436 secundas,

220 1445 337 1486 Hunc
363 1446 557 1486 hominem
582 1443 702 1486 velles
723 1445 752 1485 si
767 1447 942 1487 tradere:
969 1446 1177 1502 dispeream
1206 1449 1247 1488 ni

219 1508 440 1557 Submoffes
466 1521 616 1552 omnes.
634 1531 680 1540 —
710 1508 802 1550 Non
826 1509 898 1550 isto
920 1511 1093 1552 vivimus
1122 1511 1224 1559 illic,

220 1573 325 1627 Quo
348 1586 391 1614 tu
413 1585 524 1619 rere,
556 1571 699 1612 modo:
721 1572 862 1613 domus
882 1573 955 1613 hac
980 1586 1052 1622 nec
1072 1574 1209 1627 purior
1228 1574 1302 1614 ulla
1330 1572 1409 1624 est,
1451 1583 1453 1587 ’

221 1637 307 1678 Nec
335 1637 454 1690 magis
475 1636 533 1675 his
561 1635 685 1683 aliena
703 1636 835 1676 malis:
864 1636 919 1676 nil
939 1635 992 1676 mi
1011 1636 1133 1678 officit
1153 1649 1351 1691 unquam,
1453 1647 1502 1691 50

221 1697 359 1738 Ditior
384 1697 466 1743 hic,
483 1706 559 1751 ‘aut
581 1695 636 1736 est
658 1696 751 1750 quia
778 1694 953 1738 dofflor:
987 1697 1041 1737 est
1061 1697 1175 1744 loeus
1199 1699 1288 1738 uni-

222 1761 378 1814 Cuique
403 1759 504 1800 suus.
518 1781 563 1789 —
578 1759 769 1811 Magnum
794 1772 924 1799 narras
934 1791 946 1808 ,
970 1760 1042 1801 vix
1057 1760 1310 1805 credibileq—
1326 1758 1454 1815 Atqui

222 1820 284 1863 Sic
307 1821 434 1865 habet.
450 1844 494 1852 -
511 1820 702 1860 Accendis
720 1833 843 1873 quare
861 1820 1012 1873 cupiam
1033 1822 1156 1875 magis
1181 1821 1233 1862 illi

222 1883 428 1924 Proximus
455 1881 540 1923 effe.
564 1904 609 1913 —
627 1881 737 1922 Velis
757 1883 1053 1932 tantummodo;
1075 1897 1162 1938 quae
1182 1895 1250 1926 tua
1270 1883 1417 1933 virtus,

224 1943 477 1996 Expugnabis
491 1957 506 1992 3
530 1941 570 1983 δι
596 1942 651 1983 est
673 1943 740 1996 qui
764 1943 868 1984 vinci
896 1942 1039 1997 poffit3
1064 1956 1192 1998 eoque
1437 1953 1502 1997 ,ςς

223 2003 414 2045 Difficiles
436 2003 560 2043 aditus
587 2003 735 2056 primos
762 2003 888 2043 habet.
903 2026 948 2034 -
972 2003 1088 2044 Haud
1109 2004 1202 2044 mihi
1225 2004 1365 2046 deero:

224 2066 460 2106 Muneribus
478 2063 614 2105 servos
636 2077 912 2117 corrumpam3
941 2077 1042 2113 non,
1070 2064 1187 2113 hodie
1207 2064 1237 2105 sl

225 2126 416 2168 Exclusus
440 2126 579 2173 fuero,
602 2125 801 2176 defistam3
832 2138 1009 2181 tempora
1033 2139 1233 2180 quaeram3

225 2190 445 2231 Occurram
476 2190 515 2229 in
541 2189 691 2239 triviis3
718 2189 918 2230 deducamss
944 2189 1008 2230 Nil
1029 2188 1107 2230 fine
1133 2202 1278 2244 magno

191 2276 193 2280 ν
224 2252 322 2292 Vita
348 2252 482 2297 labore
508 2252 608 2292 dedit
630 2252 871 2293 mortalibus.
890 2274 935 2282 -—
957 2252 1055 2292 Haec
1074 2252 1167 2291 dum
1185 2252 1287 2305 agit,
1306 2262 1423 2299 ecce,
1449 2250 1503 2293 60

225 2314 371 2355 Fuscus
390 2314 548 2355 Aristius
568 2316 740 2356 occurrit
754 2345 766 2363 ‚
793 2316 885 2355 mihi
911 2326 1045 2362 carus,
1073 2315 1116 2355 δι
1139 2311 1247 2354 illum

227 2378 318 2432 Qui
335 2377 494 2432 pulchre
520 2377 666 2419 noffet:
697 2377 955 2418 consistimus:
978 2377 1094 2418 Unde
1116 2375 1253 2416 venis?
1276 2375 1340 2425 δι,

226 2440 331 2494 Quo
359 2440 505 2480 tendis?
532 2451 666 2493 rogat:
695 2440 736 2480 δι
764 2439 978 2493 respondet.
1007 2439 1165 2479 Vellere
1183 2438 1312 2492 coepi,

227 2502 277 2545 Et
299 2501 475 2556 prensare
497 2516 616 2543 manu
638 2501 840 2543 lentiffima
868 2502 1044 2553 brachia,
1067 2512 1232 2550 nutam,
