1592 2898
225 251 320 284 212
420 235 481 305 Q.
547 233 939 283 HORATII
1004 235 1316 285 FLACCI

221 339 349 381 Tollis
372 340 419 381 ad
437 340 539 382 astra
566 341 678 387 levis.
708 341 749 383 Si
772 341 959 396 nusquam
987 356 1028 384 es
1052 342 1155 384 forte
1179 356 1347 386 vocatus

221 402 285 443 Ad
309 415 485 452 coenam,
509 403 643 444 laudas
665 402 844 444 securum
864 404 981 445 olus:
1010 417 1056 446 ac
1067 434 1083 453 ,
1100 405 1211 455 velut
1231 404 1400 460 usquam
1457 415 1511 459 30

221 464 391 507 Vin&us
414 478 503 515 eas,
531 466 584 505 ita
613 477 652 506 te
680 465 830 506 felicem
854 466 965 517 dicis,
992 465 1196 522 amasque,

222 525 351 579 Quod
380 526 571 581 nusquam
589 527 660 567 tibi
685 527 730 567 sit
756 529 983 581 potandum.
996 528 1162 583 ‚suffecit
1184 529 1232 570 ad
1253 529 1293 571 se

221 585 420 629 Maecenas
451 588 579 630 serum
602 587 673 630 sub
698 590 846 631 lumina
872 592 995 645 prima
1019 592 1154 632 venire

220 648 475 691 Convivam:
516 651 686 691 Nemon'
711 651 845 691 oleum
876 651 950 692 fert
978 653 1115 694 ocius?
1138 652 1282 705 ecquis·

219 710 370 752 Audit?
395 725 485 753 cum
518 724 664 765 magno
688 712 855 758 blateras
878 715 1078 762 clamore,
1101 713 1288 768 furisque.
1416 751 1423 771 Γ
1457 726 1507 770 35

219 774 386 815 Milvius
410 775 452 816 δι
479 773 623 815 scurrae
645 775 716 815 tibi
745 787 826 815 non
848 774 1046 816 referenda
1065 777 1209 830 precati

219 837 445 880 Discedunt.
469 839 619 880 Etenim
644 838 771 880 fateor
791 851 872 887 me,
899 840 1038 880 dixerit
1065 840 1152 887 ille,
1194 835 1197 838 ’

220 901 330 942 Duci
360 914 497 943 ventre
516 902 675 951 levem3
706 900 841 942 nasum
873 902 1009 942 nidore
1039 901 1226 956 supinor37

219 964 462 1014 Imbecillus,
485 965 586 1004 iners
600 995 614 1012 ‚
638 963 667 1004 st
693 965 787 1017 quid
813 965 899 1012 vis,
919 964 1037 1013 adde,
1058 964 1221 1018 popino.

219 1027 286 1068 Tu
303 1058 316 1077 ,
346 1041 436 1068 cum
457 1027 504 1068 sls
534 1028 642 1081 quod
667 1040 770 1080 ego,
793 1028 835 1068 δι
861 1025 1027 1068 fortaffis
1045 1028 1241 1083 nequior,
1269 1027 1376 1070 ultro
1453 1035 1510 1078 46

218 1089 436 1138 Inse&ere,
463 1090 575 1130 velut
595 1089 760 1130 melior?
792 1089 997 1144 verbisque
1019 1091 1172 1132 decoris

221 1150 624 1206 Obvolvasyitium?
647 1153 763 1206 quid,
789 1152 818 1193 si
842 1166 906 1194 me
933 1152 1083 1194 stultior
1108 1152 1194 1207 ipso

220 1214 463 1272 Quingentis
486 1225 595 1255 emto
622 1214 815 1255 drachmis
835 1215 1102 1268 deprenderis?
1129 1215 1239 1258 aufer
1278 1270 1281 1271 ⁷

219 1277 291 1318 Me
322 1278 438 1318 vultu
467 1288 638 1326 terrere3
663 1289 820 1317 manum
840 1275 1180 1332 stomachumque
1202 1288 1363 1327 teneto,

219 1340 358 1391 Dum,
383 1355 473 1395 quae
492 1339 661 1395 Crispini
689 1340 824 1381 docuit
848 1348 912 1381 me·
944 1339 1114 1392 janitor,
1136 1340 1227 1381 edo.
1381 1361 1385 1365 ι
1454 1349 1509 1395 45

220 1406 282 1448 Te
303 1404 452 1458 conjux
477 1403 602 1444 aliena
625 1404 750 1456 capit,
775 1403 1027 1448 meretricula
1056 1402 1242 1448 Davum:

219 1467 359 1509 Peccat
383 1477 468 1507 uter
490 1464 663 1506 nostrum
686 1478 805 1506 cruce
823 1464 1001 1519 dignius?
1021 1466 1121 1506 acris
1146 1466 1213 1506 ubi
1233 1478 1299 1507 me

220 1531 371 1572 Natura
397 1529 591 1576 incendit,
621 1528 690 1569 sub
715 1528 818 1569 clara
846 1528 950 1568 nuda
971 1528 1132 1569 lucerna

222 1593 493 1646 Quaecunque
519 1590 674 1642 excepit
691 1587 880 1640 turgentis
903 1586 1068 1627 verbera
1084 1587 1223 1633 ,caudae

220 1656 439 1703 Clunibus,
462 1665 531 1694 aut
563 1652 729 1706 agitavit
749 1664 896 1705 equum
930 1650 1071 1692 lasciva
1094 1650 1302 1705 supinum,
1459 1664 1509 1708 50

220 1717 397 1759 Dimittit
418 1728 546 1768 neque
567 1712 761 1754 famosum
774 1742 788 1760 ,
809 1725 937 1766 neque
958 1711 1192 1762 sollicitum,
1212 1727 1265 1755 ne
1503 1718 1511 1726 “

221 1779 383 1826 Ditior‚
412 1787 481 1818 aut
506 1776 644 1817 formae
665 1775 839 1815 melioris
861 1774 981 1827 mejat
1006 1775 1158 1816 eodem.

221 1843 315 1889 Tu,
337 1854 426 1882 cum
454 1837 639 1893 projeffls
658 1836 870 1891 infignibus
885 1866 897 1885 ‚
928 1837 1077 1878 annulo
1095 1835 1288 1891 equestri,

221 1905 487 1957 Romanoque
515 1901 648 1942 habitu
662 1931 677 1948 ,
700 1900 830 1954 prodis
849 1913 899 1940 ex
918 1898 1051 1952 judice
1074 1899 1205 1940 Dama

222 1967 391 2021 Turpis,
410 1966 621 2006 odoratum
644 1974 762 2017 caput
784 1961 1017 2003 obscurante
1040 1962 1219 2011 lacerna,
1460 1965 1508 2018 55

221 2029 317 2070 Non
338 2041 404 2077 es,
425 2027 533 2081 quod
554 2024 733 2066 simulas?
758 2036 937 2066 metuens
962 2024 1177 2075 induceris,
1205 2033 1337 2079 atque.

222 2092 448 2133 Alter-cante
471 2089 692 2130 libidinibus
716 2088 849 2129 tremis
870 2087 952 2129 offa
970 2101 1135 2142 pavore.

222 2155 334 2208 Quid
356 2153 500 2203 refert,
526 2153 588 2194 uri
614 2152 760 2205 virgis,
778 2150 963 2205 ferroque
991 2150 1119 2191 necari

222 2217 466 2260 Aunoratus
486 2228 572 2264 eas;
592 2227 642 2255 an
663 2213 768 2269 turpi
796 2212 949 2254 clausus
971 2212 1012 2252 in
1032 2225 1121 2254 arca
1130 2239 1149 2259 ‚-

223 2281 329 2334 Quo
349 2291 388 2320 te
415 2278 563 2319 demisit
585 2278 733 2332 peccati
752 2276 905 2318 conscia
931 2276 1063 2316 herilis
1451 2274 1508 2317 6ο

223 2339 482 2383 (Σοηττεᾶυιῐι
497 2368 509 2387 ,
538 2339 702 2392 genibus
727 2348 863 2390 tangas
883 2335 1031 2390 caput?
1057 2335 1171 2376 Estne
1188 2335 1330 2377 marito

224 2405 424 2445 Matronae
448 2402 645 2456 peccantis
676 2402 717 2440 in
738 2401 857 2440 ambo
886 2398 986 2451 justa
1009 2398 1208 2451 potestas?

223 2468 271 2508 In
297 2478 570 2519 corruptorem
591 2463 657 2503 vel
682 2462 839 2515 justior:
870 2461 934 2500 illa
955 2472 1084 2500 tamen
1106 2459 1145 2500 se

223 2530 319 2572 Non
339 2527 475 2569 habitu
497 2536 675 2569 mutatve
697 2525 813 2574 loco,
835 2533 1027 2578 peccatve
1046 2522 1239 2578 superne,
