1592 2898
0 0 30 49 ᾗ,

0 48 20 104 {2

0 196 11 223 1

334 219 1034 273 SERMONUM‘LIB.
1098 225 1171 275 11.
1307 243 1399 295 ²¹5

114 333 301 390 Gausape
326 347 531 390 purpureo
553 333 722 376 mertsam
749 333 951 388 pertersit,
982 335 1025 378 δι
1045 334 1143 376 alter

2 377 43 446 1²⁸
115 399 292 453 snuegit
313 398 586 452 quoacunque
609 396 755 451 jaoeret
785 397 951 446 inutile,
978 397 1165 454 quodque

115 457 246 501 Poffet
265 470 464 500 σαυππε
485 457 710 500 offendere:
733 469 778 500 ut
803 459 935 499 Attioe
960 460 1077 512 virgo

81 518 223 584 ‘eum
249 519 363 561 sacris
386 519 571 570 Cereris,
595 521 770 575 procedit
796 519 927 561 finscus
953 519 1185 574 Hydaspes,

103 581 292 624 caecuba
311 581 406 623 vina
435 580 588 631 ferens3
614 581 746 622 Alcon
761 612 776 631 ,
804 581 974 629 Chium,
999 583 1117 623 maris
1139 595 1290 636 expers.
1349 593 1396 637 ις

117 645 197 686 Hic
221 645 359 684 herus:
388 643 587 684 Albanum
604 673 619 692 ,
643 644 863 693 Maeoems,
895 643 977 685 five
994 645 1201 686 Falernum

118 707 183 748 Te
207 707 332 760 magis
359 705 548 760 appositis
571 706 753 755 deleflat,
783 706 972 747 habemus
995 718 1219 762 utrumque.
1239 728 1286 738 -

115 766 293 809 Divitias
316 766 495 808 miseras!
523 766 599 807 Sed
623 769 736 821 queis
762 770 1009 810 eoenantibus
1028 783 1132 819 una,

118 825 294 875 Fundani
305 857 319 877 ,
342 827 502 881 pulchre
523 827 641 868 fuerit
663 828 754 877 tibi,
782 829 890 869 nofl‘e
909 829 1061 872 laboro.
1076 853 1123 862 -

113 887 303 930 Sumnms
318 902 420 944 ego,
439 890 481 930 δι
502 902 629 944 prope
648 889 1102 941 meviscusnurinus,
1126 891 1167 934 δι
1185 890 1307 940 infra,
1347 903 1400 934 ιο

117 951 161 992 Si
188 952 366 1002 memini,
382 952 555 1001 Varius3
574 963 664 992 cum
690 952 857 994 Servilio
875 953 1087 996 Balatrone

118 1015 323 1061 Vibidius,
352 1027 454 1069 quos
481 1015 679 1055 Maeoenas
703 1016 912 1056 adduxerat
935 1017 1108 1059 umbras.

118 1078 393 1121 Nomentanus
418 1088 501 1117 erat
523 1076 638 1130 super
661 1075 811 1130 ipsum,
835 1077 993 1119 Porcius
1018 1079 1141 1132 infra,

116 1135 321 1181 Ridiculus
343 1150 449 1180 totas
472 1138 584 1180 fimul
609 1138 821 1180 obsorbere
850 1140 1056 1193 placentas.

117 1202 391 1249 Nommtanus
417 1202 465 1242 ad
491 1202 596 1251 boc,
617 1201 712 1256 qui,
744 1200 774 1242 fi
797 1201 890 1256 quid
915 1201 1017 1244 forte
1036 1204 1197 1256 lateret,
1346 1220 1396 1264 ²5

118 1264 251 1306 Indice
278 1264 508 1305 monstraret
539 1264 685 1318 digito:
714 1276 803 1304 nam
831 1275 959 1305 cetera
987 1266 1126 1315 turba,

118 1326 233 1378 Nos,
258 1328 444 1381 inquam,
472 1338 676 1368 coenamus
693 1327 1077 1380 avoe,'·conchy1ia‚
1100 1327 1247 1383 pisces,

118 1390 257 1444 Longe
275 1388 489 1430 diflimilem
509 1399 610 1429 noto
630 1388 795 1429 celantia
821 1386 1000 1439 succum

120 1453 181 1495 Ut
206 1452 272 1493 vel
298 1453 492 1493 continuo
510 1451 663 1505 patuit,
686 1464 778 1492 cum
809 1450 961 1504 pafferis
988 1462 1107 1506 atque

118 1513 319 1568 lngustata
342 1513 436 1553 mihi
462 1524 691 1566 porrexerat
719 1511 784 1552 ilia
808 1512 976 1553 rhombi.
1349 1525 1402 1569 30

55 1606 58 1614 .
118 1575 212 1618 Post
234 1576 310 1618 boc
334 1584 398 1616 me
415 1575 568 1623 domu,
605 1574 795 1615 melimela
823 1575 967 1616 rubere
992 1575 1186 1618 minorem

119 1638 186 1683 Ad
207 1638 340 1678 lunam
368 1637 524 1678 delean.
554 1636 667 1690 Quid
692 1637 769 1677 boc
791 1635 960 1684 interfit,
983 1637 1033 1677 ab
1060 1638 1147 1692 ipso

118 1699 302 1741 Audieris
327 1699 477 1738 melius.
502 1698 609 1739 Tum
631 1697 811 1738 Vibidius
836 1698 1059 1741 Balatroni:

119 1759 234 1808 Nos,
258 1759 329 1799 nifi
353 1758 537 1800 damnose
564 1759 752 1806 bibimus,
772 1760 987 1800 moriemur
1014 1760 1153 1802 inulti:

120 1821 174 1863 Et
199 1822 336 1863 calices
361 1821 485 1875 poscit
510 1820 692 1872 majores.
715 1820 882 1860 Vertere
904 1821 1030 1874 pallor
1348 1834 1398 1878 35

114 1882 229 1924 Tum
254 1882 417 1937 parochi
442 1881 605 1928 faciem,
636 1881 689 1921 nil
716 1880 768 1922 fic
792 1884 1023 1932 metuentis,
1041 1893 1085 1924 ut
1107 1895 1216 1926 acres

116 1943 307 1994 Potore83
327 1945 393 1985 vel
417 1944 524 1998 quod
550 1944 783 1984 maledicunt
810 1943 990 1991 liberius,
1011 1945 1077 1984 vel

117 2004 282 2046 Fervida
301 2006 408 2060 quod
432 2005 567 2046 subtile
586 2003 792 2045 exsurdant
815 2005 911 2045 vina
935 2004 1123 2058 palatum.

116 2068 327 2111 Invertunt
348 2068 564 2122 Alliphanis
578 2067 728 2108 vinaria
752 2077 838 2108 tota

119 2132 302 2172 Vibidius
321 2131 580 2185 Balatroque,
603 2130 743 2172 secutis
770 2130 976 2172 omnibus:
1000 2130 1072 2172 imi
1338 2143 1394 2183 40

120 2194 324 2237 Convivae
350 2193 437 2235 leffi
463 2194 626 2233 nihilum
650 2205 822 2233 nocuere
844 2193 1001 2246 lagenis.

119 2255 297 2297 Affertur
318 2255 469 2311 squillas
493 2256 592 2296 inter
614 2268 788 2296 muraena
814 2265 991 2295 natantes

16 2308 20 2310 ’
79 2324 82 2325 ’
120 2317 171 2359 In
191 2318 322 2372 patina
343 2317 533 2371 pomam
558 2317 639 2359 Sub
656 2317 734 2358 hoc
755 2317 898 2366 herus,
922 2317 1023 2357 uae
1042 2316 1227 2370 gravida,
1244 2315 1396 2372 inquit,

122 2380 250 2434 Capta
268 2379 341 2428 est,
366 2379 536 2420 deterior
559 2378 645 2433 post
670 2388 825 2433 partum
849 2391 967 2420 came
990 2379 1136 2421 futura.

120 2443 198 2484 His
220 2442 385 2482 mixtum
409 2440 474 2493 jus
495 2441 551 2483 est
574 2441 693 2489 ole0,
720 2442 828 2498 quod
854 2442 977 2496 prima
1003 2442 1168 2484 Venafri
1338 2451 1392 2497 45

120 2502 1155 2617 l’reflimfflh3gai-odesuecispiscis{Iber-53o⁴
1377 2536 1380 2538 ,
