1592 2898
350 205 443 256 m:
466 205 526 284 ρ.
556 201 864 254 nonano-
881 199 1133 253 macca
1268 209 1375 255 xxx

114 293 156 344 83
176 309 251 359 ap.
275 296 479 344 Plautia.
492 294 610 353 Julii
630 294 809 341 Aurelii
829 292 1056 340 Haureclti
1081 303 1377 353 commenta-

110 360 284 420 1iusjn
302 360 465 408 Satitas
492 359 606 406 duas
627 359 877 419 primores,
900 358 1044 406 Antv.
1072 369 1215 417 1541,
1247 357 1287 404 8.
1319 357 1374 405 P.

114 425 278 477 oudini
302 425 355 471 in
384 423 578 471 satiram
601 424 674 471 VI
701 423 787 469 lib.
816 424 856 470 1.
886 421 932 481 J.
955 424 997 482 J.
1015 423 1219 484 Mqscovii
1241 437 1378 469 exet-

113 489 213 542 cizt.
234 490 283 537 11
310 490 362 536 in
377 488 495 535 Hos.
513 487 702 544 satiras,
724 487 850 549 Lips.
872 501 992 548 1⁷¹4
1011 485 1092 533 802.

123 590 132 597 .
159 553 236 605 ,In
263 554 378 604 Odas
395 552 444 600 8c
454 551 627 618 Epodon
646 551 880 610 librum.J.
904 551 971 599 M.
993 552 1190 601 Brutus,
1207 544 1375 599 Herm.

113 617 313 681 Figulus,
329 618 367 665 F
366 617 539 664 mneos.
563 617 702 676 1546,
720 634 761 676 4.
780 615 1082 664 Bernhardin.
1096 617 1375 667 Parthenius.

114 683 240 733 Ven.
261 683 381 742 1584
394 716 410 740 ,
425 699 467 742 4.
481 681 601 729 Phil.
614 682 900 744 Eugentinus.
912 681 956 740 J.
971 681 1064 728 Th.
1078 680 1279 742 Freigius
1291 679 1377 728 &c-

72 781 77 784 >
112 746 319 803 112]th
337 747 467 796 Odd.
483 746 596 793 Adx.
618 746 859 795 Turnebus.
878 746 1009 793 Paris.
1030 761 1145 804 1577
1164 747 1207 792 ὃ(
1227 746 1375 804 1586,

115 813 168 870 8,
189 827 286 859 una
311 827 423 859 cum
447 810 765 858 animadvexff.
782 827 843 857 ex
870 810 1079 874 ejusdem
1101 810 1306 858 Advetff.
1322 811 1379 857 in

113 877 236 923 varia
256 876 439 923 Homtii
457 877 586 933 loca,
605 875 826 936 notisque
846 875 1021 923 Muneti
1039 875 1083 927 8c
1097 875 1302 923 Manutii
1323 876 1377 923 in

114 940 276 988 Horat.
291 941 442 988 Paulli
457 940 619 988 Franci
640 941 965 986 commentarii
989 940 1233 986 Horatiani
1258 956 1379 1002 prae-

113 1006 317 1052 inetium
344 1005 394 1051 in
420 1006 443 1051 1
469 1005 511 1052 8c
532 1007 582 1051 11-
606 1005 782 1051 librum
812 1005 1054 1061 Odarum‚
1080 1004 1287 1051 Francos.
1313 1005 1375 1051 ad

114 1069 347 1118 viadrum
380 1084 493 1128 1521
512 1105 526 1127 ,
558 1071 598 1115 8.
621 1069 696 1128 Jo.
723 1068 926 1131 Caesarius
955 1071 1007 1116 in
1031 1069 1161 1115 Odas
1186 1070 1377 1134 triginta

116 1134 229 1180 duas
245 1135 351 1180 libri
368 1134 536 1196 primi,
556 1134 696 1180 Rom.
717 1149 731 1178 1
743 1135 850 1192 566.
881 1133 1131 1195 Hugolinus
1144 1134 1381 1180 Marullus

116 1198 374 1260 Episcopus
386 1232 401 1254 ,
418 1199 469 1243 in
486 1198 647 1244 Odam
668 1213 690 1244 2
715 1198 827 1244 libxi
842 1197 912 1245 IV
918 1232 935 1256 ,
952 1199 1013 1244 de
1031 1198 1219 1244 Pindari
1234 1199 1378 1245 laudi·

115 1263 206 1310 bus
218 1297 232 1319 ,
248 1261 454 1310 Floreat.
474 1263 723 1324 ap.Juntas
737 1297 753 1320 ‚
785 1277 839 1320 15
850 1277 930 1325 79,
947 1278 991 1323 4.
1003 1263 1219 1320 Julianus
1236 1265 1379 1310 Aure-

116 1328 202 1373 lius
219 1326 532 1391 Leffigm'enfis
546 1326 685 1389 Belga
696 1361 711 1385 ‚
727 1328 780 1373 in
794 1327 954 1373 Odam
980 1343 999 1372 1
1022 1327 1065 1373 8c
1088 1342 1110 1374 2
1122 1362 1137 1386 ,
1154 1341 1270 1374 cum
1296 1345 1378 1390 pa-

115 1391 310 1453 raphmfi
330 1391 584 1437 earundem
597 1427 612 1450 ,
626 1393 771 1438 Antv.
793 1407 880 1452 154
891 1406 907 1436 1
917 1427 928 1436 .
944 1390 1113 1438 Blafius
1124 1392 1379 1441 Bernartius

117 1455 179 1502 de
212 1455 432 1502 laudibus
452 1456 559 1502 vitae
590 1457 767 1503 rusticae
796 1458 855 1502 ad
877 1455 1061 1502 Horatii
1082 1472 1108 1504 α
1137 1457 1344 1519 Epodon
1360 1491 1376 1516 ,

115 1519 321 1566 Florent.
347 1520 463 1581 1613
482 1555 497 1578 ,
518 1517 561 1581 4‘.
583 1522 721 1567 Aldus
733 1521 960 1568 Manutius
971 1520 1033 1566 de
1052 1521 1226 1567 eodem
1240 1538 1379 1587 argu-

116 1596 311 1641 mente,
329 1585 500 1633 Venet.
518 1584 561 1631 8c
576 1586 652 1645 Jo.
675 1585 899 1634 Weitzius.
923 1584 1130 1631 Ftancofi
1162 1586 1280 1646 1625
1296 1623 1308 1644 ‚
1334 1588 1384 1645 8..

111 1648 207 1707 Jac.
223 1648 403 1714 Cruquii
418 1661 542 1696 notae
563 1650 615 1697 in
630 1650 839 1712 Epodon
855 1650 1034 1697 librum
1056 1651 1234 1697 excusa
1248 1652 1381 1715 sepa-
1411 1696 1419 1715 ἱ

116 1712 253 1760 ratim
279 1714 408 1776 apud
432 1714 630 1761 Plautin.
649 1715 766 1761 Phil.
786 1713 913 1761 Bebii
939 1731 967 1760 e
983 1713 1091 1761 Soc·
1108 1714 1220 1775 Jesu
1247 1732 1378 1766 com-

118 1778 371 1824 inentaxius
400 1779 451 1824 in
478 1778 643 1842 Lyrica
667 1778 853 1826 Horatii
877 1780 937 1826 ab
968 1779 1269 1827 obscoenitate
1294 1798 1378 1827 ex⁴

117 1854 337 1906 purgata,
352 1842 521 1888 Colon.
546 1845 628 1905 163
635 1860 660 1904 3
679 1879 693 1901 ,
710 1844 791 1890 fol.
811 1844 987 1907 Clinffii
1001 1846 1220 1907 juventas
1245 1847 1379 1906 aqui-

118 1907 201 1964 lae,
222 1906 284 1952 ad
309 1922 449 1953 carm.
466 1907 536 1954 IV
548 1943 570 1965 ,ν
594 1926 638 1969 4.
665 1909 786 1968 Lips.
809 1908 1042 1968 1745.OE
1065 1909 1382 1972 Mqfferschmid

119 1970 182 2016 de
213 1971 396 2029 Genio,
421 1971 629 2020 Witteb.
657 1974 792 2035 1769.
822 1973 898 2019 cl.
917 1973 1087 2018 Baua-i
1109 1975 1298 2035 epistola
1317 1974 1381 2021 de

118 2033 304 2082 Homtii
318 2036 431 2082 loeis
446 2039 690 2084 nonnullis
700 2073 715 2096 ,
736 2037 885 2084 Laub.
907 2053 923 2082 1
938 2053 959 2094 7
970 2051 1039 2093 7ο.
1057 2036 1128 2084 CL
1141 2039 1383 2101 Brieglebii

120 2099 448 2164 Voxlesungen
480 2103 598 2149 iiber
628 2104 724 2149 den
752 2102 906 2149 Horaz
934 2104 1097 2164 (carm.
1123 2103 1172 2160 1,
1208 2120 1230 2150 1
1260 2130 1285 2140 -
1305 2105 1381 2164 6.)

31 2182 35 2184 ·
122 2161 311 2211 Altenb.
335 2180 386 2220 17
400 2181 467 2221 70.
487 2167 558 2213 CL
573 2166 824 2230 Haymanni
838 2168 1052 2214 vindiciae
1073 2166 1187 2215 Hor.
1202 2167 1379 2215 advers.

120 2227 412 2281 Pemmltum
423 2265 438 2287 ‚
454 2231 619 2278 Dresd.
644 2248 661 2277 1
674 2248 694 2289 7
706 2247 777 2289 71·
795 2232 865 2278 Cl.
879 2232 1031 2293 Degen
1047 2232 1286 2292 specimen
1303 2248 1383 2278 ur·-

121 2290 333 2360 baniiatis
350 2293 467 2342 Hor.
485 2296 665 2362 Erlang.
691 2313 710 2342 1
722 2312 823 2356 ⁷74·
841 2298 911 2342 Ill.
929 2297 981 2342 C.
1000 2292 1059 2341 H.
1074 2297 1285 2344 Schmidii
1298 2313 1385 2358 po<

121 2356 300 2403 lemicae
320 2357 582 2407 Horatianae
606 2362 858 2423 specimina
873 2362 938 2418 V,
955 2360 1071 2406 inde
1093 2360 1152 2409 ab
1174 2379 1215 2408 a.
1242 2362 1381 2417 1776.-

123 2420 195 2466 CL
213 2420 467 2470 Haberland
480 2426 541 2471 de
557 2442 698 2472 carm.
726 2426 821 2482 111,
843 2439 887 2485 3.
904 2425 1010 2484 Jen.
1030 2439 1165 2487 1775.
1197 2427 1267 2477 Cl.
1288 2424 1384 2480 W&

124 2484 285 2548 alaburg
299 2485 361 2532 de
390 2502 523 2537 nexu
548 2491 600 2536 in
628 2491 733 2538 odis
760 2490 876 2537 Hor.
898 2490 963 2537 ib.
983 2489 1087 2535 eod.
