1592 2898
194 224 282 271 172
391 207 454 276 Q.
521 207 894 258 HORATII
955 211 1263 268 FLAC.CI

186 312 289 353 Nam
314 313 461 355 Canusi
488 314 688 367 lapidosus.
713 316 842 371 Aquae
865 331 946 359 non
967 319 1082 361 ditior
1110 334 1207 363 urna
1222 353 1237 373 ‚

186 373 272 427 Qui
295 375 409 416 locus
428 389 449 415 a
467 376 559 417 forti
582 378 777 420 Diomede
795 380 850 420 est
873 381 1052 422 conditus
1068 382 1179 424 olim.

186 434 385 476 Flentibus
414 437 474 478 hic
498 439 643 480 Varius
671 440 838 493 discedit,
858 441 1017 483 moestus
1037 443 1194 484 amicus.

141 537 145 540 ,
185 494 279 537 Inde
303 497 440 539 Rubos
468 498 547 540 feffi
575 503 852 554 pervenimus,
877 515 1016 558 utpote
1031 499 1202 559 'longum

187 561 401 615 Carpentes
428 564 526 615 iter,
551 566 590 608 δι
619 565 762 609 ίειᾶυω
788 571 1012 624 corruptius
1039 571 1168 611 imbri.
1309 595 1311 598 ·
1408 581 1462 625 95

187 623 344 666 Postera
373 629 575 682 tempestas
595 631 755 681 melior3
783 633 851 673 via
874 632 1005 686 pejor,
1028 634 1198 687 adusque

187 685 278 726 Bari
301 691 445 729 moenia
469 690 625 743 piscosi:
655 693 790 734 dehinc
809 694 981 744 Gnatia,
1014 694 1185 750 lymphis

189 747 297 790 Iratis
323 751 538 801 exstrunsta,
569 755 669 796 dedit
694 755 864 811 risusque
883 755 1098 812 jocosque3

191 808 302 849 Dum
328 811 483 854 flamma
508 813 586 856 fine
601 846 612 865 ,
637 826 725 857 tura
751 816 963 871 liquescere
981 818 1110 860 limine
1129 817 1238 861 sacro

194 871 421 915 Persuadere
446 877 572 930 cupit:
599 877 728 918 credat
749 878 1088 932 JudaeusApella3
1389 888 1467 918 100

194 933 287 974 Non
318 947 419 988 ego:
453 949 622 991 namque
644 937 756 980 Deos
781 939 889 980 didici
910 939 1085 981 securum
1104 953 1218 996 agere
1243 952 1399 989 aevum3

193 994 301 1044 Nec,
326 995 356 1036 si
377 997 468 1050 quid
496 999 585 1040 miri
612 999 727 1040 faciat
746 1013 910 1052 natura,
934 1000 1046 1044 Deos
1067 1003 1105 1044 id

194 1057 338 1098 Tristes
371 1071 421 1099 ex
446 1058 526 1100 alto
551 1060 644 1102 coeli
669 1061 871 1102 demittere
895 1062 1012 1105 teeto.

195 1120 453 1162 Brundusium
478 1122 609 1179 longae
631 1122 718 1165 finis
741 1124 989 1180 chartaeque,
1007 1125 1175 1181 viaeque.

548 1308 585 1354 S
613 1309 654 1354 A
694 1309 738 1355 T
763 1309 797 1355 I
823 1309 864 1354 R
895 1309 937 1354 A
1019 1307 1058 1354 V
1072 1308 1111 1354 I.

330 1469 388 1511 IN
420 1468 720 1512 DERISORES
753 1467 1049 1511 NATALIUM
1085 1468 1337 1512 SUORUM.

200 1593 362 1673 Non,
382 1625 496 1678 quia,
522 1625 741 1672 Maecenas,
761 1625 967 1677 Lydorum
990 1625 1179 1681 quidquid
1207 1624 1421 1668 Heu-uscos

198 1686 368 1727 Incoluit
394 1686 515 1736 fines,
541 1700 660 1728 nemo
684 1686 910 1740 generosior
938 1686 995 1728 est
1019 1697 1083 1738 te;

199 1749 310 1796 Nec,
340 1749 447 1802 quod
471 1761 569 1790 avus
592 1749 662 1788 tibi
686 1760 883 1790 maternus
903 1747 1002 1797 fuit,
1031 1760 1150 1802 atque
1175 1760 1382 1805 paternus»,

199 1810 306 1851 Olim
328 1811 397 1864 qui
417 1811 565 1863 magnis
589 1810 808 1864 legionibus
826 1811 1131 1865 imperitarent}

201 1875 257 1916 Ut
286 1874 458 1928 plerique
484 1873 634 1922 solent,
657 1872 751 1914 naso
776 1872 972 1928 suspendis
997 1873 1152 1915 adunco
1451 1878 1476 1928 ς

201 1936 364 1990 Ignotos
378 1967 390 1985 ‚
416 1948 459 1977 ut
480 1948 569 1984 me,
589 1936 772 1977 libertino
793 1947 901 1991 patre
926 1949 1086 1978 natum:
1468 1939 1471 1941 ’

202 1991 305 2039 Cum
330 1997 473 2039 referre
492 2010 613 2053 negas
629 2029 640 2047 ,
669 1999 774 2053 quali
795 1998 840 2038 sit
862 1997 1026 2052 quisque
1045 2006 1206 2052 parente

203 2064 353 2112 Natus,
375 2063 466 2104 dum
492 2064 696 2117 ingenuus.
721 2062 926 2103 Persuades
950 2063 1030 2102 hoc
1052 2061 1123 2102 tibi
1152 2072 1274 2109 vere,

204 2128 308 2169 Ante
328 2127 552 2181 potestatem
577 2127 710 2175 Tulli,
734 2137 852 2180 atque
873 2125 1044 2180 ignobile
1068 2136 1231 2178 regnum
1244 2153 1259 2171 ,

205 2191 354 2231 Multos
377 2190 475 2245 saepe
503 2191 613 2230 viros
632 2190 744 2230 nullis
771 2187 985 2241 majoribus
1011 2197 1146 2234 ortos,
1428 2195 1480 2228 ιο

205 2254 254 2295 Et
282 2253 413 2294 vixiss'e
439 2254 609 2307 probos,
633 2252 799 2306 amplius
818 2253 860 2293 &
883 2250 1106 2292 honoribus
1125 2248 1284 2290 aussos:

206 2318 384 2364 Contra,
409 2318 612 2359 Laevinum
626 2348 640 2364 ‚
666 2317 803 2358 Valeri
824 2328 945 2370 genus
959 2344 972 2360 ,
998 2314 1103 2354 unde
1123 2313 1321 2368 Superbus

207 2383 448 2436 Tarquinius
469 2394 592 2435 regno
616 2379 748 2433 pulsus
767 2378 865 2426 fuit,
893 2378 1011 2418 unius
1032 2376 1118 2418 affis

208 2443 302 2484 Non
326 2456 497 2497 unquam
524 2442 651 2495 pretio
674 2440 796 2495 pluris
818 2438 988 2487 licuisse,
1020 2445 1184 2478 notante

209 2507 344 2548 Iudice
358 2537 370 2557 ,
395 2518 479 2561 quo
501 2503 627 2554 nosti,
650 2503 825 2559 populo,
843 2502 913 2557 qui
936 2501 1074 2543 stultus
1094 2499 1270 2542 honores
1431 2508 1481 2551 ις
