1592 2898
289 241 765 305 CARMIN‘UM
820 246 963 295 LIB.
1022 246 1121 294 IV.
1261 259 1345 293 121

90 369 242 411 Verum
260 376 368 420 pone
385 372 516 403 moras
540 359 580 400 δι
605 357 771 398 studium
791 354 914 402 lucri3
1301 354 1352 398 ²5

93 430 381 483 nigrorumque
402 434 573 467 memor,
604 421 694 460 dum
723 418 840 464 licet,
862 414 1031 469 ignium,
1259 420 1263 426 ·

93 486 212 533 Marce
230 486 428 532 stultitiam
455 481 620 525 confinis
640 482 823 521 brevem:

387 546 516 588 Dulce
535 544 591 586 est
610 542 778 597 defipere
802 540 842 580 in
867 539 973 580 loco.

409 679 419 683 ς
498 713 698 762 ODE
758 711 948 759 XIII.

525 859 620 902 AD
667 857 918 900 LYCEN.

102 992 257 1046 Insultat
280 991 311 1030 ei
337 982 435 1044 ‘quod
448 988 528 1043 jam
554 1001 647 1028 anus
675 988 767 1043 fiat,
797 984 834 1024 ὃν
863 983 1006 1022 libidine
1022 983 1211 1035 flagrans,
1241 986 1363 1018 conte-⁶

518 1061 659 1090 mnamr
685 1064 710 1087 a
735 1046 939 1098 juvenibus.

105 1155 395 1231 Aumvm,
417 1178 553 1230 Lyce,
575 1174 631 1215 Di
658 1187 742 1216 mea
768 1185 888 1221 vota,
913 1169 994 1220 Di,

105 1246 329 1292 Audivere,
355 1241 488 1293 Lyce:
517 1238 565 1279 fis
584 1250 705 1287 anus,
728 1237 770 1277 δι
794 1246 925 1276 tamen

157 1307 236 1349 Vis
252 1302 423 1345 formosa
442 1300 587 1348 videri,

213 1365 407 1420 Ludisque
429 1364 472 1405 δι
492 1363 592 1404 bibis
613 1360 835 1417 impudens,

108 1477 159 1519 Et
175 1485 294 1517 cantu
315 1471 484 1514 tremulo
502 1480 597 1524 pota
615 1461 851 1522 Cupidinem
1349 1471 1371 1513 ς

108 1538 272 1580 lentum
296 1533 487 1575 sollicitas.
506 1531 577 1572 lue
598 1528 756 1569 virentis
778 1527 821 1568 δι
1361 1522 1367 1551 ἰ

72 1600 74 1603 ’
161 1595 305 1640 Dofiae
327 1593 481 1649 psallere
498 1593 610 1634 Chiae
625 1623 640 1640 ‚

214 1655 385 1698 Pulchris
405 1654 572 1696 excubat
594 1653 635 1693 iu
662 1651 780 1706 genis.
812 1685 821 1695 .

113 1765 366 1818 Importunus
387 1759 487 1800 enim
509 1756 720 1797 transvolat
739 1753 864 1794 aridas

116 1824 325 1878 Quercu5‚
348 1819 555 1872 &refugit
577 1829 642 1864 te,
669 1816 760 1870 quia
778 1813 895 1855 luridi
1327 1821 1381 1852 ιο

168 1885 317 1957 Dentes
335 1893 399 1929 te,
425 1882 521 1934 quia
547 1891 657 1932 rugae

221 1944 423 2000 Tarpam,
444 1943 485 1983 &
508 1941 645 1995 capitis
672 1938 794 1979 nives.

13 2051 28 2062 '
117 2053 203 2094 Noc
221 2051 319 2092 Coae
339 2046 542 2090 referunt
530 2059 608 2098 Jam
626 2044 695 2085 tibi
713 2055 921 2098 purpurae,

118 2108 204 2156 Nee
229 2112 318 2155 clari
336 2111 478 2166 lapides
498 2119 696 2162 tempora,
719 2118 809 2161 quae
834 2101 950 2146 semel

174 2173 289 2215 Notis
308 2173 461 2215 condita
485 2170 589 2212 fastis
1334 2169 1383 2215 ις

226 2234 383 2276 Inclufit
403 2233 577 2276 volucris
602 2231 716 2272 Dies.

123 2341 228 2395 Quo
246 2339 342 2394 fugit
358 2340 521 2380 Venus?
539 2338 637 2378 heu!
662 2348 798 2391 quove
816 2331 955 2376 color?
973 2331 1113 2375 decens

124 2404 229 2459 Quo
251 2414 403 2443 motus.
393 2402 407 2430 ³
426 2402 519 2455 quid
538 2401 656 2441 habes
674 2399 800 2447 illius,
822 2397 948 2446 illius,

177 2464 289 2521 Quae
311 2464 472 2518 spirabat
501 2463 694 2512 Amores,

229 2525 339 2582 Quae
362 2538 424 2567 me
446 2524 645 2578 surpuerat
668 2523 786 2569 mihi,
1333 2522 1383 2550 20
