1592 2898
302 286 910 337 EPISTOLARUM
955 288 1102 336 LIB.
1147 289 1185 336 1.
1288 303 1385 354 245

110 396 228 438 Neve
243 406 356 451 putes
377 395 498 437 alium
519 395 689 449 sapiente
725 395 914 449 bonoque
941 395 1124 446 beatum3
1334 407 1388 436 ιο

110 458 226 506 Neu,
248 457 279 498 fi
300 467 340 499 te
358 458 530 513 populus
552 457 684 498 sanum
711 457 893 512 reeteque
921 457 1116 498 valentem

109 519 300 570 Diffltet‚
318 521 512 563 occultam
536 520 681 562 febrem
709 519 782 562 sub
806 531 960 575 tempus
992 519 1128 561 edendi

110 581 360 633 Diffimules,
392 585 518 625 donec
546 583 722 624 manibus
748 595 894 627 tremor
916 582 1054 639 incidat
1078 582 1214 624 unffls.

110 645 329 688 Stultorum
358 647 534 688 incurata
554 646 680 700 pudor
697 645 823 686 malus
850 645 980 686 ulcera
1006 644 1119 686 celat.

110 706 152 748 Si
178 709 264 762 quis
286 708 386 750 bella
408 709 476 749 tibi
494 719 596 749 terra
619 719 789 763 pugnata
815 708 994 761 marique
1333 715 1384 758 25

110 770 232 813 Dicat
245 803 260 820 ‚
279 773 321 814 δι
340 772 400 814 his
418 771 546 813 verbis
568 783 715 812 vacuas
745 769 986 824 permulceat
1006 780 1117 808 aures
1129 782 1142 807 .-

116 837 205 876 Tene
224 836 337 891 magis
353 836 500 890 salvum
522 835 679 889 populus
699 834 808 882 velit,
842 849 891 873 an
912 832 1086 887 populum
1109 844 1171 879 tu,

114 893 235 939 seb-vce
253 900 291 939 in
314 901 499 954 ambiguo,
523 900 585 952 qui
599 897 752 951 consulit
777 898 814 937 6·
840 896 904 936 tihi
919 927 934 944 ‚
964 896 1001 935 6»
1030 895 1108 934 urbi
1116 925 1133 943 ‚

112 960 299 1013 Iuppiter,·
317 960 486 1014 Augusti
506 960 637 1001 laudes
662 957 871 1012 agnoscere
898 955 1041 1010 poffis?

113 1021 220 1063 Cum
247 1022 387 1076 pateris
410 1021 560 1075 sapiens
575 1019 875 1074 emendatusque
896 1018 1056 1067 vocari,
1336 1026 1387 1069 3ο

115 1083 388 1138 Respondesne
414 1094 511 1131 tuo,
539 1083 600 1123 dic
621 1082 752 1128 sodes,
783 1081 966 1122 nomine?
982 1103 1028 1112 —
1050 1081 1201 1133 Nempe

114 1147 190 1187 Vir
218 1147 345 1187 bonus
366 1147 405 1186 δι
422 1146 590 1200 prudens
612 1146 686 1185 dici
714 1143 895 1185 deleflor.
908 1165 985 1195 —·-
1008 1143 1093 1200 Ege)
1107 1172 1120 1189 ,
1136 1155 1184 1182 ac
1204 1151 1261 1183 tu.

114 1205 203 1261 Qui
223 1207 325 1248 dedit
346 1206 425 1247 hoc
451 1206 588 1256 hodie,
618 1218 730 1255 cras,
753 1205 781 1244 sn
805 1204 938 1253 volet,
963 1203 1138 1252 auferet;
1161 1214 1204 1244 ut
1224 1201 1259 1243 fi

114 1268 313 1310 Detulerit
336 1268 452 1310 fasces
471 1269 651 1322 indigno,
670 1268 843 1309 detrahet
860 1267 973 1308 idem.
1041 1296 1045 1301 .

86 1360 91 1363 .
114 1329 251 1378 Pone,
283 1344 411 1371 meum
430 1330 512 1380 est,
535 1331 686 1384 inquit:
711 1343 847 1383 pono,
866 1328 1057 1384 tristisque
1075 1327 1228 1370 recedo-
1337 1338 1386 1382 35

114 1392 224 1433 Idem
245 1391 275 1432 s1
291 1392 429 1433 clamet
449 1391 573 1433 furem
586 1422 599 1439 ‚
629 1403 744 1446 neget
764 1392 839 1433 effe
859 1391 1038 1445 pudicum
1051 1420 1066 1437 ,

115 1454 339 1496 contendat
365 1456 511 1509 laqueo
531 1455 678 1497 collum
703 1455 866 1510 preffiffe
894 1467 1125 1509 paternum3

114 1517 304 1558 Mordeat
327 1518 554 1571 opprobriis
566 1516 667 1558 falfis
680 1548 694 1565 ‚
713 1526 912 1557 mutemve
941 1516 1114 1556 colorem
1131 1517 1147 1557 ‚³

115 1577 246 1620 Falsus
268 1579 401 1620 honor
421 1578 554 1631 juvat,
576 1579 618 1619 &
642 1578 805 1621 mendax
830 1576 988 1618 infamia
1012 1587 1150 1626 terret,

115 1641 278 1696 Quem,
312 1641 381 1682 nifi
410 1641 637 1683 mendosum
673 1641 714 1683 δι
745 1641 1048 1682 medicandum?
1074 1641 1151 1681 Vir
1180 1639 1308 1682 bonus
1335 1638 1392 1680 est

466 1703 554 1755 quis
566 1701 583 1740 ἓ
1336 1713 1391 1750 4ο

118 1766 208 1820 Qui
226 1765 403 1807 consulta
428 1776 606 1817 patrum,
620 1765 690 1818 qui
709 1763 812 1816 leges
834 1762 1000 1817 juraque
1020 1762 1173 1813 servat3

116 1827 221 1880 Quo
240 1826 371 1868 multae
394 1838 623 1879 magnaeque
643 1824 819 1865 secantur
837 1824 965 1876 judice
987 1826 1102 1873 lites;

119 1889 223 1943 Quo
242 1881 304 1928 res
322 1885 506 1939 sponsore
518 1917 531 1933 ‚
562 1887 604 1926 δι
631 1899 714 1938 quo
733 1884 863 1925 causae
879 1885 976 1926 teste
997 1897 1191 1926 tenemur.

118 1949 194 1990 Sed
218 1948 325 1989 videt
347 1947 454 1988 hunc
482 1947 608 1987 omnis
627 1947 767 1986 domus
793 1947 834 1986 δι
859 1946 998 1986 vicinia
1021 1958 1105 1986 tota
1442 1962 1452 1972 ν

116 2009 331 2051 Introrsum
355 2022 506 2062 turpem
520 2038 536 2055 ,
557 2007 767 2060 speciosum
791 2007 890 2061 pelle
910 2009 1062 2050 decora.
1333 2017 1385 2060 45
1469 2017 1482 2024 ‘

119 2071 205 2112 Nec
223 2069 374 2111 furtum'
389 2069 484 2116 feci,
506 2082 577 2109 nec
600 2068 707 2121 fugi,
727 2068 755 2108 fi
778 2068 870 2108 mihi
894 2069 992 2109 dicat

116 2133 286 2174 Servus:
306 2133 438 2173 Habes
457 2132 645 2184 pretium,
665 2131 758 2170 loris
786 2143 866 2171 non
886 2132 1031 2184 ureris,
1055 2131 1131 2184 ajo.
1151 2154 1196 2162 —

118 2194 215 2234 Non
237 2194 433 2234 hominem
454 2194 591 2234 occidi.
603 2216 650 2224 -
664 2194 756 2234 Non
778 2193 906 2247 pasces
929 2194 967 2233 in
986 2207 1100 2234 cruce
1117 2205 1275 2234 corvos.
1291 2215 1338 2225 —

109 2244 213 2297 ‘Sum
239 2256 390 2303 bonus,
414 2256 454 2296 &
472 2255 588 2309 frugi.
603 2277 660 2305 -,
676 2255 821 2295 Renuit
843 2267 956 2309 negat
975 2266 1093 2309 atque
1111 2255 1305 2298 Sabellus:

121 2317 274 2359 Cautus
296 2319 396 2358 enim
414 2319 552 2358 metuit
571 2317 724 2376 foyeam
745 2317 883 2371 lupus,
899 2317 1156 2371 accipiterque
1338 2329 1387 2373 50

119 2378 321 2431 Suspeaos
346 2378 530 2432 laqueos,
552 2378 595 2418 δι
614 2387 794 2431 opertum
815 2378 957 2418 miluus
978 2378 1149 2420 hamum.

120 2439 299 2480 Oderunt
320 2452 480 2493 peccare
500 2441 593 2480 boni
614 2441 771 2480 virtutis
794 2453 948 2481 amore:

119 2501 185 2542 Tu
204 2502 295 2542 nihil
315 2503 492 2542 admittes
515 2503 556 2541 in
577 2513 616 2542 te
636 2501 842 2543 formidine
860 2516 1001 2556 poenae.

119 2565 175 2614 Sit
200 2565 283 2620 spes
302 2563 476 2613 fallendi,
497 2564 671 2607 miscebis
699 2564 807 2609 sacra
833 2565 1036 2621 profanis..

1044 2626 1240 2713 (23Δ
